2964 4890
175 1108 350 1231 Triennio
373 1166 440 1237 post
463 1178 552 1237 quam
576 1179 664 1218 usum
687 1161 860 1220 nominativi
884 1162 1011 1220 vocativi
1036 1162 1196 1220 accusativi
1213 1161 1303 1220 dativi

175 1263 384 1322 Lucretianum
417 1270 622 1335 tractaveram,
657 1283 734 1340 quae
768 1264 805 1322 de
839 1264 975 1323 ablativis
1009 1265 1150 1323 carminis
1179 1265 1306 1323 Lucretii

176 1367 341 1442 conscripsi
374 1367 451 1444 typis
486 1367 632 1443 impressa
665 1366 730 1424 edo.
775 1366 838 1425 Hac
866 1386 985 1444 quoque
1009 1368 1038 1425 in
1062 1374 1145 1444 parte
1169 1365 1307 1445 Syntaxis

175 1470 368 1528 Lucretianae
395 1469 521 1528 eandem
550 1488 640 1546 quarn
664 1476 750 1527 antea
774 1471 918 1528 rationem
941 1477 1062 1528 secutus
1085 1490 1162 1542 sum,
1185 1490 1246 1547 qua
1270 1470 1307 1528 de

176 1592 205 1631 re
239 1574 268 1630 in
304 1574 485 1649 praefatione
520 1573 624 1649 prioris
658 1574 749 1649 partis
783 1574 855 1631 satis
885 1574 929 1649 egi
943 1573 974 1650 1),
1020 1573 1138 1632 Praeter
1161 1573 1306 1632 editiones

176 1696 250 1754 quas
285 1683 371 1735 antea
404 1678 432 1734 in
468 1695 556 1734 usum
589 1696 689 1735 meum
718 1676 840 1734 adhibui
870 1695 965 1753 nuper
988 1676 1060 1734 mihi
1083 1683 1201 1753 praesto
1226 1678 1306 1735 tuere

177 1779 242 1838 libri
267 1781 437 1839 Giussani
460 1786 489 1839 et
511 1779 663 1838 Heinzii.
708 1779 743 1838 Et
766 1780 946 1837 Giussanum
965 1780 1086 1856 quidem
1105 1799 1159 1838 sua
1175 1780 1304 1838 editione

176 1884 312 1960 quamvis
342 1883 378 1940 ad
407 1883 536 1942 rationes
559 1884 739 1960 syntecticus
762 1883 953 1941 illustrandas
978 1882 1053 1941 ultra
1076 1882 1230 1940 Munronis
1255 1884 1303 1941 ad-

175 1987 340 2044 notationes
363 2004 422 2044 non
447 1985 539 2044 multa
562 1985 701 2058 attulerit,
725 1985 799 2044 locis
819 1985 1005 2063 explicandis
1022 1985 1147 2043 multum
1165 1985 1306 2062 prodesse

176 2098 251 2147 eerte
287 2094 402 2165 oportet
435 2088 569 2161 concedi,
600 2090 711 2166 quippe
739 2090 789 2166 qui
820 2089 981 2147 sententias
1005 2088 1150 2147 editorum
1174 2095 1202 2146 et
1225 2107 1306 2147 com-

177 2196 373 2250 mentatorum
413 2192 488 2249 inter
525 2210 557 2249 se
594 2192 742 2250 variantes
776 2192 1000 2250 accuratissime
1035 2190 1184 2268 collegerit
1218 2197 1306 2268 atque

177 2294 343 2353 tractaverit
354 2291 388 2371 ²).
432 2293 534 2372 Neque
569 2296 597 2352 in
632 2294 707 2353 libro
742 2297 826 2354 tertio
861 2295 1039 2372 explicando
1072 2294 1186 2354 Heinzii
1217 2314 1308 2371 opera

177 2398 257 2474 parvi
281 2403 326 2455 est
349 2398 541 2456 aestimanda.
587 2398 742 2457 Praeterea
766 2399 794 2455 in
820 2398 876 2456 hac
899 2398 1114 2456 dissertationis
1138 2404 1219 2474 parte
1236 2416 1306 2456 con-

177 2499 302 2558 licienda
336 2499 496 2558 nonnullos
531 2500 621 2558 libros
650 2500 782 2573 adhibui,
807 2500 843 2558 de
867 2500 976 2578 quibus
1000 2508 1104 2577 postea
1127 2501 1306 2559 mentionem

178 2600 330 2678 sacrarat).

277 2822 297 2889 ¹)
325 2820 421 2884 Quare
448 2818 510 2874 fere
528 2837 643 2890 semper
662 2838 729 2874 eum
748 2820 878 2873 numeris
897 2819 1013 2890 signavi
1031 2838 1157 2887 versum,
1178 2821 1227 2874 ubi
1246 2827 1308 2874 erat

176 2923 259 2961 casus
286 2905 321 2960 de
345 2922 405 2976 quo
431 2905 477 2974 egi
506 2912 675 2976 usurpatus,
693 2913 726 2959 ut
745 2913 822 2960 esset
840 2907 922 2960 locus
940 2912 1019 2960 reete
1037 2909 1179 2975 signatus
1198 2908 1223 2960 si
1242 2907 1308 2977 quis

176 2993 307 3064 exemplo
326 2991 476 3046 decurtato
496 3010 596 3047 casum
614 2993 711 3046 solum
731 2993 858 3046 nominis
877 3010 944 3045 cum
962 2993 1052 3046 verbo
1071 2993 1227 3046 attulisset.

276 3099 298 3162 ²)
323 3094 399 3160 Quia
421 3095 559 3150 editionis
586 3096 726 3150 Giussani
752 3101 770 3149 t.
789 3095 930 3148 [ll—[III
948 3095 979 3147 in
998 3112 1103 3148 manus
1122 3111 1201 3148 meas
1220 3112 1307 3149 vene·

175 3188 249 3249 runt,
269 3188 426 3252 postquam
444 3182 512 3235 haec
531 3198 598 3252 pars
617 3181 833 3235 dissertationis
852 3183 909 3234 iam
928 3180 1059 3251 imprimi
1072 3185 1175 3250 coepta
1187 3186 1257 3247 erat,
1270 3181 1306 3234 ad

176 3268 295 3338 paginas
315 3268 398 3318 1-48
417 3267 558 3337 quaedam
577 3267 631 3321 sub
650 3266 789 3320 addendis
809 3271 838 3319 et
858 3265 1037 3336 corrigendis
1056 3266 1151 3319 attuli.

276 3372 297 3436 ³)
325 3370 372 3423 Ad
398 3371 478 3424 locos
505 3370 635 3424 Lucretii
662 3369 850 3440 explicandos
877 3369 1059 3422 Thesaurum
1082 3385 1198 3438 quoque
1216 3369 1304 3439 poeti·

178 3473 239 3510 cnm
258 3457 377 3526 linguae
395 3457 512 3520 latinae,
532 3473 617 3526 quem
637 3473 654 3508 a
672 3456 705 3508 L.
725 3455 900 3520 Quicherato
919 3456 1069 3508 conditum
1083 3455 1204 3508 tertium
1217 3454 1308 3508 edidit

176 3545 223 3598 Ae.
243 3542 445 3596 Chatelainius
463 3542 584 3596 Parisiis
603 3560 627 3594 a.
647 3544 721 3610 1895,
736 3541 888 3595 consulere
901 3540 1024 3594 decrevi.
1055 3540 1112 3594 Sed
1124 3541 1205 3594 brevi
1218 3543 1308 3611 serip-

176 3629 249 3682 turis
277 3626 451 3697 quibusdam
477 3628 606 3681 insolitis
633 3627 854 3698 obstupefactus
882 3644 950 3679 cum
977 3627 1110 3697 exempla
1137 3643 1152 3679 e
1180 3628 1308 3680 carmine

174 3712 303 3768 Lucretii
338 3712 510 3783 deprompta
544 3713 709 3767 accuratius
739 3713 959 3776 examinnssem,
990 3713 1117 3782 plurima
1146 3712 1234 3765 verba
1264 3712 1307 3765 in-

174 3800 242 3854 veni
279 3799 339 3851 iam
374 3798 487 3868 pridem
522 3816 539 3852 a
575 3799 684 3852 criticis
720 3799 835 3864 reiecta,
866 3798 944 3850 inter
974 3815 1048 3867 quae
1078 3798 1148 3851 haec
1178 3795 1307 3867 profero:

173 3885 324 3955 adapertae
353 3883 394 3937 IV
424 3885 482 3949 321,
512 3886 620 3939 ambone
650 3885 676 3938 V
706 3886 764 3952 396,
795 3901 864 3938 casse
890 3884 905 3937 I
936 3886 1009 3951 1111,
1037 3888 1152 3954 saraptae
1179 3883 1221 3936 IV
1247 3885 1306 3946 829,

171 3966 212 4024 im
239 3967 286 4022 ΙΠ
313 3970 371 4035 863,
398 3969 484 4023 inciae
511 3970 537 4023 V
564 3972 622 4037 962,
646 3970 744 4040 pluria
771 3969 783 4020 Ι
810 3971 868 4036 878,
896 3969 926 4022 ΙΙ
952 3971 1011 4036 581,
1036 3969 1239 4038 pracatiayuerc
1260 3967 1307 4020 Ill

172 4053 250 4114 1041,
272 4055 481 4123 practerradere
507 4055 547 4109 [V
573 4057 630 4121 528,
658 4073 757 4109 recessa
781 4053 885 4119 11169,
906 4055 1054 4124 talipedare
1072 4054 1117 4107 Ill
1137 4056 1194 4122 sol,
1213 4053 1307 4122 utique

171 4135 205 4194 II
224 4141 281 4196 569,
313 4137 378 4203 Qua
395 4139 526 4193 Lucretii
545 4140 672 4194 editione
691 4141 832 4194 Thesauri
852 4141 978 4194 editores
996 4142 1043 4194 usi
1061 4141 1121 4194 sint
1134 4157 1193 4193 non
1206 4139 1306 4209 liquet,

171 4236 279 4279 verum
306 4242 341 4279 ea
367 4242 403 4280 ex
428 4243 459 4281 re
487 4226 562 4298 quod
585 4227 663 4281 inter
687 4226 803 4281 criticos
822 4242 881 4279 non
900 4227 1090 4279 nominantur
1108 4225 1166 4279 nisi
1184 4230 1306 4293 veterae,
