2964 4890
1214 230 1254 294 37

275 430 484 507 praecipitere
518 445 592 490 cum
626 426 814 490 accusativo
848 420 965 486 obiecti
998 421 1202 500 coniungitur
1234 438 1300 483 uno

172 528 259 591 loco:
293 529 303 591 1
337 531 401 593 250
429 527 486 590 ribi
509 549 569 592 eos
586 531 688 608 puter
710 525 823 590 uether
844 525 891 588 Iu
912 523 1075 607 premium
1098 521 1215 586 matris
1239 525 1301 585 ter-

173 631 225 693 rui
257 630 500 712 praecipitauit,
522 632 554 694 in
570 631 724 695 ransitiva
746 630 777 691 vi
800 629 929 709 saepius
952 627 1079 690 dicitur:
1113 626 1137 688 ll
1159 626 1222 690 248
1244 624 1302 687 Ere

171 754 291 814 supero
326 755 400 797 cum
430 733 673 814 pruceipituut;
706 732 747 795 IV
777 733 839 796 628
864 730 946 795 Cum
968 750 1043 793 uero
1067 729 1219 793 deorsum
1238 747 1302 808 per

171 835 287 914 juuces
314 835 568 916 praecipitauit·
604 837 684 900 1021
721 834 766 898 Ut
787 832 845 912 qui
864 830 1090 913 proecipiteut
1111 831 1155 893 md
1179 834 1301 893 terrum

172 957 306 1018 corpore
340 942 420 1017 totu·
453 938 492 1001 Vl
525 939 588 1002 292
624 936 741 1002 Omuis
768 935 818 997 uti
840 934 995 998 uideatur
1020 931 1213 996 ···uet}tcr

169 1041 399 1122 praecipitares
433 1042 477 1104 ud
500 1039 655 1104 diluviem
678 1037 842 1113 reuocari·
868 1040 951 1103 1040
971 1036 1027 1101 itte
1050 1036 1160 1100 eodem
1182 1031 1301 1115 fertur,

172 1165 237 1224 quo
255 1143 493 1224 praecipitauit
512 1143 588 1207 Imm
611 1142 719 1206 semei.

276 1249 426 1328 derigere,
450 1247 537 1327 quod
559 1245 717 1327 participii
740 1244 858 1326 passivi
880 1243 1001 1306 formas
1015 1240 1148 1323 praebet
1163 1240 1212 1303 *II
1231 1241 1300 1319 198,

173 1368 238 1430 quo
272 1350 345 1413 loco
367 1349 482 1412 Munro
509 1348 640 1427 Brieger
662 1347 791 1410 codices
813 1347 915 1410 secuti
938 1366 1002 1424 quo
1025 1343 1131 1427 mcpis
1154 1341 1301 1405 ursimus

173 1452 239 1515 celte
272 1451 416 1515 Derecto
449 1452 657 1531 scripserunt,
692 1450 920 1513 Lachmannus
942 1448 1119 1530 Bernaysio
1142 1445 1301 1527 probante

173 1555 299 1618 deiectu
332 1557 402 1619 sine
435 1573 536 1618 causa
563 1554 669 1632 edidit,
694 1560 727 1617 et
748 1553 790 1617 lV
812 1555 873 1618 609
896 1552 942 1614 At
962 1551 1143 1613 simutucrm
1166 1547 1227 1612 uiis
1250 1548 1302 1611 de-

173 1656 269 1720 rectis
293 1657 405 1720 omuiu
429 1657 581 1736 teuduut,
604 1656 752 1720 absolute
774 1655 915 1736 positum
939 1654 1090 1717 occurrit:
1112 1651 1235 1715 111823
1258 1649 1304 1714 Ut

171 1759 277 1841 [mles]
300 1760 400 1823 ecdut
422 1780 437 1823 e
459 1759 593 1843 repioue
616 1758 686 1839 toci,
710 1779 778 1838 qreu
802 1756 923 1840 deripit
945 1760 1064 1819 mestus.

275 1882 417 1942 rumpere
440 1863 526 1944 apud
541 1864 723 1927 Lucretium
740 1880 869 1942 semper
884 1861 1086 1924 transitivum
1104 1865 1168 1922 est:
1185 1858 1302 1936 112543

172 1966 211 2029 ill
233 1967 288 2044 833
311 1967 382 2045 297;
404 1966 540 2030 111432.

275 2071 457 2147 abrumpere
480 2068 643 2148 passivam
666 2066 805 2130 formam
828 2064 974 2146 praebet:
996 2063 1302 2128 11214Nuucltiuc

173 2189 267 2234 uuuc
290 2168 383 2232 uum
407 2169 540 2249 abrupti
562 2169 707 2233 mutibus
729 2168 824 2252 ipues
848 2167 1066 2232 Concursant.

277 2292 472 2352 eorrumpere
495 2273 717 2336 accusativum
739 2272 820 2352 regit
842 2271 879 2335 lll
902 2273 973 2334 410.

278 2395 437 2456 erumpere
460 2376 682 2439 accusativum
706 2373 824 2438 obiecti
845 2376 972 2455 recipit:
995 2373 1036 2437 IV
1056 2375 1136 2436 1115
1151 2371 1303 2435 Tuudcm
1428 2459 1431 2467 Ι

172 2477 230 2541 uiri
264 2499 303 2541 se
338 2477 449 2557 erupit
480 2476 591 2541 ueruis
625 2475 768 2540 comiectu
804 2476 932 2557 cupido.
979 2477 1049 2540 Hoc
1083 2476 1155 2539 loco
1182 2474 1211 2538 V
1238 2474 1302 2537 598

172 2580 261 2644 nsum
286 2580 360 2643 ticet
381 2579 457 2643 iiiuc
480 2578 600 2644 muudi
617 2577 826 2659 patefactum
851 2579 949 2643 totius
965 2599 1072 2642 mmum
1088 2576 1303 2660 Lurpifluum

172 2682 298 2762 foutem
333 2687 457 2745 scotere
492 2686 591 2761 utque
621 2701 792 2762 erumpere
816 2681 959 2762 tuueeu,
983 2679 1036 2745 ubi
1059 2679 1304 2745 Bockemueller

172 2794 305 2868 propter
337 2787 534 2851 antecedens
567 2789 692 2848 scotere
726 2782 1303 2867 11151111111111111095251111

172 2891 246 2964 895)
283 2908 453 2967 erumpere
486 2889 689 2952 intransitive
717 2889 858 2969 positum
881 2906 953 2952 esse
977 2887 1152 2966 contendit,
1175 2887 1301 2965 Munro,

172 2996 223 3059 cui
247 2993 460 3074 adstipulatur
487 2992 695 3056 Kraetschius
717 3012 746 3073 p.
768 2995 820 3068 20,
845 2992 957 3055 tumeu
981 3010 1039 3073 pro
1063 2990 1191 3056 obiecto
1214 2996 1303 3055 recte

172 3104 278 3178 putat3
313 3096 360 3159 cir
388 3095 416 3159 V
439 3098 498 3158 281
524 3094 660 3177 Lurpus
682 3094 757 3158 item
783 3093 902 3173 liquidi
923 3093 1001 3174 sous
1025 3093 1171 3174 lumiuis,
1196 3092 1303 3157 metite-

171 3199 245 3263 rius
278 3199 336 3267 sci.
360 3234 366 3245 ·
386 3234 417 3246 ··
442 3196 644 3277 Suppeditut
666 3231 672 3243 ·
696 3217 779 3260 uoco
814 3194 985 3274 confestim
1011 3195 1144 3261 tumiuc
1180 3195 1302 3261 lumem.

171 3302 305 3367 Passive
338 3307 525 3381 usurpatur:
558 3299 571 3362 l
605 3302 667 3364 124
701 3299 872 3363 Faucibus
897 3305 1029 3381 eruptos
1051 3299 1172 3363 iterum
1194 3299 1243 3362 uis
1266 3303 1306 3362 ut

174 3408 284 3469 cerunt
314 3403 414 3487 ipris,
446 3401 500 3466 ubi
534 3402 665 3483 Brieger
695 3401 831 3466 sortasse
862 3404 981 3467 rectius
1005 3401 1304 3486 emmerammum

176 3505 270 3591 1012)
304 3507 414 3584 edidit;
448 3505 490 3569 Vl
523 3507 585 3569 583
608 3509 688 3584 post
708 3504 813 3569 iuritu
836 3526 909 3568 eum
933 3506 982 3568 uis
1003 3506 1190 3590 Erupitutu
1211 3505 1303 3585 forus

172 3609 369 3689 erumpitur.
403 3608 606 3671 intransitive
630 3614 739 3672 autem
762 3609 903 3689 ponitur:
926 3609 1017 3674 1162
1032 3609 1180 3672 uolucres
1197 3629 1304 3671 erum·

168 3733 250 3792 pere
284 3711 371 3775 coeto
394 3712 575 3794 [posseut];
598 3711 626 3773 V
647 3712 710 3775 458
733 3709 805 3774 ideo
830 3746 862 3759 ··
886 3715 992 3774 terroe
1014 3710 1173 3774 Partibus
1197 3731 1304 3774 crum·

167 3834 256 3894 peus
285 3813 419 3893 primus
452 3833 486 3875 se
514 3812 651 3875 sustulit
673 3811 786 3876 metirer
807 3811 954 3896 lyrifer:
976 3814 1039 3877 952
1062 3812 1182 3891 quibus
1205 3833 1221 3875 e
1243 3813 1304 3876 sci·

173 3918 257 3981 {mut
284 3915 402 3979 umori’
424 3915 554 3995 fiueutu
576 3950 583 3963 ·
602 3950 609 3962 ·
628 3950 634 3963 ·
652 3915 780 3995 purtim
800 3915 904 3995 ptumo
927 3919 1052 3979 scotere
1076 3920 1174 3994 utque
1198 3935 1305 3978 erum-

172 4040 252 4100 pere
276 4038 408 4098 cmmpo,·
430 4017 471 4081 Vl
494 4019 569 4097 888;
592 4018 664 4081 895.

278 4125 455 4201 inrumpere
478 4120 678 4184 intransitive
701 4126 891 4201 usurpatum
908 4121 1059 4183 occurrit:
1081 4119 1106 4183 ll
1122 4121 1184 4185 306
1197 4139 1305 4199 meque
