2964 4890
1198 241 1257 306 103

174 432 336 512 positione
361 431 405 494 od
426 432 620 512 pendentem
643 431 730 512 apud
751 431 933 495 Lucretium
956 429 1021 494 fere
1044 430 1157 495 eadem
1181 430 1299 511 signifi-

173 534 305 597 catione
338 551 519 611 oocurrere‚
543 552 608 614 qua
630 534 756 597 dativus
777 539 960 614 usurpatur,
983 533 1070 596 velut
1091 532 1103 595 1
1127 534 1189 597 ioO
1212 533 1300 611 priori

174 637 222 699 cd
244 656 361 700 sensas
383 638 512 700 nostros
533 634 708 699 minimum
733 657 800 700 esse
822 635 965 713 videtum·
986 634 1025 699 111
1046 637 1110 700 830
1123 634 1182 698 Nil
1196 634 1299 716 ipitur

172 758 264 802 uvore
294 742 342 802 est
367 738 411 801 od
433 757 494 801 iios
515 757 623 816 uenire
640 737 790 818 pertinet
810 738 931 815 iiiluna·
955 739 1017 803 845
1039 736 1097 800 Nil
1120 741 1229 801 tumen
1253 740 1301 799 eet

174 842 222 906 ud
255 862 333 917 aaa·
365 843 428 907 926
451 841 560 905 Multo
584 840 687 923 ipitnr
707 843 842 914 mortem
864 839 977 905 miritis
999 840 1044 904 ud
1064 860 1125 904 rios
1148 859 1215 903 esee
1233 860 1298 919 pre

175 945 367 1022 inridentem
399 946 461 1010 972
495 943 635 1025 Resprice
668 943 744 1008 item
778 964 879 1023 quom
901 942 953 1008 nit
975 943 1019 1006 ud
1041 962 1101 1007 uos
1125 945 1202 1006 urite
1225 944 1298 1004 netu

172 1050 322 1111 vetustos
346 1046 515 1127 Temporis
538 1046 665 1111 aeterni
686 1046 798 1126 piterii.
840 1045 989 1112 Ceterum
1013 1045 1161 1110 conferas
1185 1045 1298 1109 Hertz-

173 1150 242 1212 ium
264 1168 294 1229 p.
316 1150 366 1214 52.

279 1252 422 1316 Alterum
455 1270 557 1333 genus
591 1253 689 1316 dativi
722 1252 886 1316 relationis
919 1252 950 1314 id
984 1259 1042 1330 est,
1072 1269 1136 1332 quo
1158 1268 1298 1330 persona

173 1354 381 1435 significatur,
405 1356 495 1418 cuius
517 1356 600 1419 ratio
623 1355 773 1419 habenda
795 1361 853 1433 est,
877 1362 912 1418 ut
926 1355 958 1418 id
972 1355 1078 1418 valeat
1094 1353 1181 1436 quod
1195 1371 1297 1418 enun-

172 1457 245 1521 tiati
278 1455 384 1520 verbis
417 1458 610 1539 exprimitur.
655 1457 715 1537 Qui
748 1458 878 1539 quidem
911 1458 1037 1521 dativus
1053 1474 1297 1538 saepenumero

173 1580 250 1626 cum
274 1561 441 1642 participio
463 1562 642 1642 praesentis
665 1568 720 1625 aut
742 1562 874 1643 perfecti
896 1561 1087 1625 coniunctus
1109 1561 1237 1641 proprie
1248 1560 1297 1622 in-

173 1665 262 1728 dicat
293 1681 453 1744 personae
474 1665 508 1728 in
530 1684 627 1745 quam
651 1671 800 1746 spectant
822 1663 921 1728 verba
944 1682 1015 1728 eam
1040 1682 1111 1728 esse
1134 1663 1297 1726 condicio-

174 1785 249 1830 nem
285 1784 368 1847 quae
400 1767 568 1849 participio
602 1768 808 1848 exprimatur,
841 1767 908 1830 sive
935 1767 1028 1830 locali
1050 1767 1182 1830 notione
1203 1784 1297 1829 usur-

173 1876 271 1952 patur
304 1869 431 1933 dativus
463 1872 532 1934 sive
565 1871 740 1934 remotiore
766 1888 864 1934 sensu
887 1870 1024 1950 ponitur.
1069 1868 1188 1932 Verum
1211 1869 1298 1931 hunc

172 1973 328 2052 dativum,
353 1992 426 2036 eum
450 1974 625 2038 admodum
645 1973 742 2037 libere
759 1973 972 2037 enuntiationi
987 1973 1188 2052 adiungatur,
1205 1971 1297 2051 quasi

172 2075 317 2140 dativum
339 2074 522 2139 absolutum
546 2094 618 2140 esse
640 2074 833 2156 quibusdam
855 2092 1044 2156 persuasum
1058 2080 1116 2152 est,
1129 2074 1297 2154 quiquan-

172 2185 242 2242 tum
277 2184 385 2242 errent
418 2179 510 2242 mitto
533 2178 766 2253 demonstrare,
791 2197 865 2242 cum
888 2184 1002 2260 postea
1025 2177 1065 2241 de
1087 2175 1217 2240 ablativi
1240 2174 1297 2239 ab·

173 2281 270 2345 soluti
304 2281 358 2361 qui
383 2287 519 2344 vocatur
541 2281 663 2362 origine
685 2299 789 2361 agam.
833 2282 944 2363 Neque
967 2282 1061 2344 huius
1084 2280 1179 2344 dativi
1203 2298 1297 2342 usum

172 2402 366 2464 graecorum
388 2384 542 2464 exemplis
563 2390 694 2448 auctum
718 2403 790 2449 esse
812 2385 944 2449 credere
965 2403 1025 2466 par
1046 2391 1103 2448 est.
1148 2381 1295 2447 Ceterum

172 2487 301 2551 dativos
334 2486 427 2549 huius
460 2488 595 2566 generis
619 2489 748 2551 cumin
770 2489 877 2569 prisea
899 2488 1055 2552 latinitate
1077 2486 1143 2551 fere
1166 2486 1297 2550 omnino

173 2589 289 2667 desint,
321 2589 408 2669 apud
441 2589 621 2654 Lucretium
656 2590 708 2653 vix
741 2591 838 2654 statui
871 2610 967 2672 posse
1001 2609 1067 2655 non
1100 2598 1149 2654 est
1173 2590 1297 2652 mirum.

172 2692 258 2756 Nam
292 2692 417 2756 dativus
447 2693 488 2757 ad
511 2694 596 2757 hano
618 2694 716 2757 dativi
739 2695 880 2776 speciem
904 2713 968 2758 non
990 2695 1116 2759 accedit
1139 2694 1198 2757 nisi
1220 2712 1298 2774 pau·

173 2797 221 2860 cis
245 2796 336 2860 locis:

276 2898 317 2962 IV
349 2899 410 2963 937
444 2897 640 2963 Interiorem
677 2898 775 2963 etium
804 2902 936 2978 purtem
969 2898 1212 2979 spirantibus
1242 2907 1299 2962 ae'v·

172 3000 330 3065 Verberat
361 3000 411 3065 tte
444 3001 541 3082 idem,
576 3023 648 3066 eam
683 3002 816 3066 (iracitur
850 3005 948 3081 utque
979 3001 1132 3080 retiatum·
1165 3003 1297 3068 V1319

171 3103 323 3170 Iuritntu
358 3103 426 3168 ieoe
460 3103 625 3169 iaciebant
657 3124 793 3185 corporo
826 3104 913 3167 saltu
941 3103 1107 3184 Undique,
1132 3109 1163 3167 et
1184 3105 1298 3168 adoer-

172 3228 248 3270 sam
281 3206 530 3272 venientibus·
564 3228 623 3271 orn
652 3208 820 3288 petebant,
854 3208 908 3273 ubi
938 3227 1012 3272 eum
1035 3209 1206 3290 dynamioo
1229 3217 1298 3274 arte

172 3311 336 3375 cohaeret.

277 3412 450 3478 Praeterea
473 3413 658 3478 conferendi
680 3420 755 3478 sunt
777 3414 809 3477 hi
832 3414 906 3478 loci:
931 3415 1054 3480 111479
1070 3415 1298 3496 ptroepedivm-

175 3519 231 3578 tar
258 3514 367 3580 Crura
388 3515 615 3596 vacillanti,
637 3516 677 3580 IV
699 3518 762 3582 952
779 3517 987 3598 poplitesque
1010 3517 1169 3582 cerbonii
1194 3517 1299 3598 Saepe

175 3622 287 3682 tamen
319 3618 575 3684 summittuntur
603 3618 749 3698 virisque
771 3619 941 3684 vescimini
953 3621 987 3705 ¹),
1010 3618 1064 3684 ubi
1088 3618 1186 3684 verba
1209 3639 1298 3684 com-

175 3721 280 3802 posita
303 3721 345 3784 ad
367 3728 562 3785 structuram
585 3722 785 3803 aliquantum
807 3721 948 3787 valuisse
970 3731 1113 3804 apparet.

277 3963 298 4026 ¹)
316 3962 436 4030 Brieger,
458 3977 519 4015 cum
537 3961 570 4016 de
588 3962 647 4016 loco
665 3962 833 4016 emendando
852 3962 1017 4031 desperaret,
1036 3967 1098 4016 ante
1116 3961 1224 4014 medanti
1242 3976 1300 4013 cor-

175 4045 298 4114 ruptelae
316 4047 422 4115 signum
442 4049 577 4115 apposnit.
