2910 4898
1224 226 1264 288 79

171 414 303 477 videtur
314 415 348 491 1).
394 412 474 478 Cum
510 411 548 478 33
580 414 819 494 praepositione
842 413 1064 476 coniunctum:
1087 412 1115 476 V
1138 413 1178 477 86
1201 413 1242 478 VI
1265 417 1306 478 02

173 517 315 580 Rursus
338 516 374 581 33
399 516 558 596 33333333
580 518 776 595 reseruntur
798 515 982 599 3333333333.

279 621 473 699 profundere.
497 619 538 683 IV
559 621 619 684 931
647 622 682 681 33
704 617 758 697 fac
773 639 817 682 33
832 617 960 682 333333
974 618 1073 681 33333
1082 617 1304 699 profundam.

172 722 246 786 Hoc
279 724 352 786 loco
386 723 514 787 additur
546 721 583 786 r'rr
617 722 828 803 praepositio:
863 721 891 785 V
918 722 980 784 224
1003 720 1244 801 cumprimum
1267 722 1306 787 33

174 823 314 887 turpioris
338 844 413 887 3333
434 824 579 888 Nimbus
602 845 642 888 33
665 824 737 887 3333
760 823 877 887 3333333
899 826 1026 887 333333
1041 821 1200 903 profudit
1209 824 1244 908 ²).

278 932 416 1008 iungere.
450 928 463 991 Ι
497 930 559 992 713
590 927 680 992 Adra
711 926 889 1010 irrepentes
922 924 1021 1008 3333,
1045 929 1233 1007 3333333333
1258 928 1304 991 33-

172 1029 305 1109 33333·
339 1030 375 1093 ΙΗ
408 1031 472 1095 800
508 1029 638 1111 Quippe
669 1029 789 1094 etertirrt
821 1029 959 1093 mortale
983 1033 1140 1094 3333333
1164 1029 1304 1113 irrupere

173 1137 300 1196 33333
324 1131 480 1197 Comaru·
456 1136 516 1196 333
534 1152 587 1212 prr
590 1136 659 1195 3333
683 1135 714 1196 33
734 1131 835 1215 scrupi
856 1135 929 1194 3333
930 1152 975 1195 33
985 1132 1177 1211 3333313333
1166 1138 1304 1214 pereat,

172 1236 240 1298 804
267 1235 349 1314 quid
372 1235 460 1300 33333
484 1234 647 1299 diversius
671 1255 739 1298 3333
756 1234 1011 1314 putandumst·
1030 1234 1195 1313 ultuma
1218 1257 1301 1300 3333-

173 1339 240 1401 3333
173 1339 352 1417 3333333
380 1343 428 1402 333
448 1337 594 1402 3333333
581 1336 712 1400 33333
676 1340 774 1416 33333
791 1335 963 1416 percurri
985 1335 1092 1400 13333
1076 1341 1145 1399 3333
1167 1337 1204 1403 33
1227 1359 1302 1403 333-

171 1439 247 1504 33333
281 1460 398 1504 333333
422 1441 560 1504 33333333
576 1437 764 1520 proeellas?
785 1438 826 1502 lV
846 1441 911 1503 430
935 1437 1033 1502 Τ3333
1055 1439 1133 1503 3333
1156 1439 1303 1524 3333333

172 1547 274 1622 333333
295 1542 408 1607 333333
430 1544 567 1607 33333333
584 1541 723 1618 laevia·
738 1541 803 1605 *VI
821 1543 902 1606 1079
917 1540 1085 1621 Α333333
1102 1562 1157 1605 333
1164 1543 1301 1622 plumbo

170 1644 211 1723 fit
243 1647 348 1727 [333]
380 1645 430 1708 uti
458 1645 624 1728 33333333
646 1644 685 1708 33
711 1642 842 1728 3333333
864 1644 920 1707 His
942 1644 1021 1707 locis
1044 1651 1152 1707 utrum
1175 1646 1301 1710 dativus

171 1767 216 1812 an
250 1747 409 1811 ablativus
443 1749 633 1812 statuendus
667 1749 708 1811 sit
740 1756 775 1810 ut
809 1765 848 1810 ex
880 1747 957 1826 ipsis
983 1746 1094 1810 formis
1117 1748 1300 1813 discernere

170 1869 241 1914 non
274 1869 440 1932 queamus,
475 1857 607 1931 propter
641 1850 872 1914 sententiarum
907 1866 1090 1912 connexum
1120 1856 1152 1913 et
1174 1851 1300 1915 dicendi

169 1954 332 2016 rationem
366 1971 386 2016 a
419 1954 523 2034 poetis
557 1960 745 2033 usurpatam
781 1952 924 2015 dativum
958 1969 1093 2016 necesse
1120 1958 1170 2016 est
1191 1955 1299 2034 potius

169 2065 362 2120 statuamus
407 2057 453 2120 De
488 2056 628 2120 ablativo
652 2056 727 2119 huic
749 2054 849 2119 verbo
874 2056 1006 2135 eiusque
1029 2057 1217 2136 compositis
1240 2058 1298 2121 ad-

169 2162 292 2240 scripto
314 2168 430 2241 postea
453 2159 513 2224 sub
536 2159 676 2223 ablativo
700 2177 843 2241 agemus,

274 2268 461 2344 coniungere
484 2266 669 2342 subiungere
691 2261 764 2325 vide
786 2261 846 2324 sub
868 2261 975 2326 verbis
998 2263 1194 2342 compositis.

274 2366 324 2429 Ad
345 2367 439 2429 huius
461 2365 550 2428 verbi
573 2365 811 2428 similitudinem
834 2384 908 2428 cum
932 2365 1039 2429 dativo
1063 2372 1239 2446 ponuntur:

273 2474 377 2549 figere.
400 2468 441 2532 IV
466 2471 547 2532 1179
571 2472 699 2530 3333333
720 2502 727 2514 ·
745 2501 752 2515 ·
772 2501 778 2514 ·
799 2464 951 2545 foribus
974 2467 1072 2532 miser
1088 2470 1199 2533 333333
1213 2470 1296 2553 deit.

166 2571 234 2636 Sed
269 2591 402 2636 necesse
436 2577 485 2635 est
518 2589 811 2634 commemoremus
838 2570 880 2633 ab
902 2571 1045 2635 librando
1068 2592 1097 2652 p.
1121 2577 1183 2638 614
1206 2573 1296 2636 abla-

164 2677 269 2738 tivum
294 2675 429 2738 localem
452 2674 581 2737 finalem
604 2674 701 2737 statui
725 2673 810 2753 apud
836 2673 973 2736 Ennium
995 2682 1076 2754 trag.
1122 2677 1185 2738 413
1207 2697 1296 2739 3333·

164 2778 231 2842 3333
253 2776 345 2840 333333
367 2775 456 2855 fimus
479 2774 614 2856 3333333.

272 2885 407 2962 adfigere
429 2881 501 2944 vide
524 2880 584 2944 sub
607 2879 714 2943 verbis
738 2880 934 2991 compositis.

272 2991 401 3047 nectere.
435 2983 463 3047 V
498 2986 580 3047 1202
613 2981 748 3062 Necpi
752 2985 819 3045 3333
770 2982 971 3045 3333333
991 2982 1143 3046 ··3333’3
1166 2988 1296 3048 3333333

162 3108 202 3150 33
208 3090 251 3149 33.
298 3085 501 3167 Quamquam
535 3086 574 3150 de
608 3085 704 3149 ablat
683 3092 748 3149 tivo
782 3104 910 3166 quoque
938 3087 1079 3166 cogitare
1105 3087 1188 3164 licet,
1212 3087 1295 3151 dati-

163 3211 243 3254 vum
268 3196 303 3253 ut
325 3191 431 3271 potius
453 3196 594 3253 statuam
617 3190 724 3253 idme
748 3196 942 3269 commovet,
966 3190 1053 3270 quod
1076 3195 1205 3254 3333333
1228 3190 1294 3255 sere

162 3294 252 3357 idem
277 3294 362 3357 valet
384 3292 470 3374 quod
494 3292 667 3355 aduertere
691 3291 822 3354 addere.

271 3401 434 3459 adnectere
456 3402 636 3458 connectere
659 3394 731 3458 vide
753 3393 812 3457 sub
835 3392 941 3457 verbis
964 3395 1160 3474 compositis

270 3619 289 3684 ¹)
315 3618 439 3670 Ceterum
467 3616 500 3669 de
525 3616 613 3670 forma
637 3616 698 3669 ollio
715 3616 807 3669 videas
826 3631 895 3682 quae
914 3616 1025 3668 disserit
1042 3616 1188 3669 Prollius
1206 3634 1231 3683 p.
1251 3619 1292 3672 52.

269 3704 289 3771 ²)
315 3704 430 3757 Versum
460 3704 532 3755 *433
559 3703 576 3756 Ι.
601 3703 650 3766 ΙΙΙ,
674 3718 751 3769 quem
771 3701 876 3755 codices
895 3703 933 3754 sic
952 3701 1092 3754 exhibent:
1111 3702 1182 3754 Nam
1199 3703 1294 3769 procul

160 3789 228 3843 3333
253 3787 333 3840 dubio
357 3787 433 3841 nobis
456 3787 604 3841 3333333333
623 3790 765 3856 33333333,
782 3787 973 3840 Lachmannus
992 3787 1110 3853 seclusit,
1128 3788 1292 3856 Bernaysius

160 3874 241 3927 uncis
261 3873 377 3939 inclusit,
396 3874 494 3948 Munro
513 3880 540 3927 et
559 3875 674 3941 Brieger
691 3872 763 3939 (3333
781 3873 807 3924 in
826 3871 888 3924 lrirrc
906 3876 1022 3939 mutat-o)
1040 3881 1207 3941 receperunt,
1226 3890 1292 3939 quo-

161 3975 224 4012 rum
253 3958 298 4011 tlte
326 3975 358 4011 ex
384 3960 521 4012 sententia
538 3960 665 4012 Lambini
682 3962 819 4028 3333333333
837 3959 954 4025 scripsit,
974 3959 1018 4010 bic
1037 3957 1158 4010 codicum
1177 3961 1291 4027 scriptu-

160 4061 223 4098 rum
242 4044 336 4097 edidit.

268 4131 288 4197 3)
306 4129 413 4197 aerique
429 4145 474 4184 333
491 4131 609 4184 correxit
626 4131 776 4183 Lambinus
795 4147 843 4198 pro
862 4146 983 4198 3333333.
