2964 4890
1209 244 1249 308 31

180 441 326 517 apparet,
357 436 440 501 haee
462 437 583 518 scripte
604 441 734 500 exstant
755 434 934 499 secuudum
958 434 1104 498 codicem
1126 432 1307 497 Parisinum

179 539 233 618 23,
267 541 295 603 8:
328 536 380 602 bis
403 542 502 618 atque
525 537 715 603 uniusmodi
736 536 903 621 fipnrentis
927 540 958 600 et
978 534 1161 600 mendaciis
1184 533 1306 599 duleio·

178 638 273 703 ribus
305 645 567 721 corrumpuntur
599 640 739 724 inpenia
765 659 951 721 puerorum
985 642 1017 703 et
1046 637 1149 702 isden
1182 636 1307 718 fabulis

177 741 431 808 inhaerentibus
465 743 510 806 ad
543 763 649 823 usque
676 762 827 807 sunniae
850 741 968 807 aetatis
990 740 1091 806 robur
1114 740 1309 805 adolescunt

178 851 252 926 eei,
275 863 340 927 quo
362 844 439 912 loco
462 847 482 913 L
506 846 527 910 l.
550 845 804 926 Cornelissenus,
828 845 1081 927 quemsequitur
1094 843 1184 908 Aem.
1200 843 1306 909 Baeh-

177 949 315 1028 mosius,
340 949 491 1029 adusque
513 969 680 1012 siinnun
704 948 821 1014 aetatis
842 947 944 1012 robur
962 948 1101 1033 scripsit.

284 1056 478 1133 persoluere.
511 1051 537 1116 ll
571 1053 633 1118 164
655 1072 719 1132 quo
741 1050 820 1115 solis
835 1051 1039 1135 pervolpant
1058 1048 1201 1134 sulpura
1224 1069 1306 1114 rae·

178 1153 276 1232 lunu
307 1155 371 1220 346
406 1174 492 1234 quae
519 1154 722 1238 peraolpant
753 1173 911 1219 nenora
941 1152 1031 1217 noia
1048 1152 1306 1234 pervolitantes,·

176 1255 220 1320 lV
253 1256 316 1322 208
348 1277 412 1336 quo
445 1256 524 1321 solis
551 1257 754 1340 peruolpant
787 1256 916 1320 lumina
946 1255 1103 1321 eaelum.
1146 1256 1204 1320 His
1226 1256 1306 1321 loeis

176 1358 295 1424 Munro
316 1359 461 1441 verbum,
485 1360 573 1442 quod
594 1359 699 1424 Keller
720 1380 749 1442 p.
772 1360 814 1425 39
837 1360 974 1424 neutrali
996 1377 1093 1424 sensu
1116 1379 1191 1424 oum
1206 1378 1305 1425 aceu-

177 1462 284 1527 sativo
317 1463 468 1545 coniungi
501 1464 587 1545 dicit,
608 1465 693 1529 idem
716 1463 784 1530 fere
804 1464 913 1529 valere
935 1463 1032 1528 docet
1054 1463 1143 1545 quod
1165 1461 1305 1528 eoneele-

177 1565 287 1647 orare,
309 1584 451 1648 quocum
474 1565 679 1648 coniungitur
700 1567 812 1633 11346.
844 1565 947 1632 Solita
961 1566 1196 1648 significatione
1211 1566 1305 1648 poni-

176 1675 245 1733 tur:
271 1668 301 1734 V
325 1673 404 1735 1161
430 1689 517 1750 puae
540 1689 642 1734 eausa
665 1670 763 1734 deun
779 1689 845 1751 per
864 1689 1007 1753 neupnas
1029 1668 1175 1734 nunina
1196 1667 1306 1753 pontis

175 1770 401 1854 Peroulparit.

282 1877 481 1954 pervolitere.
502 1874 527 1938 ll
552 1875 613 1940 145
635 1872 750 1938 uariae
772 1874 919 1939 volueres
941 1873 1116 1938 nenoria
1132 1873 1305 1955 aoiaper·

175 1974 353 2041 volitantes
385 1975 476 2041 Aera
495 1997 562 2060 per
583 1980 732 2042 tenerum
755 1975 892 2056 liquidis
916 1976 984 2041 lora
1007 1976 1137 2041 uocibus
1160 1978 1303 2059 opplent.

176 2078 293 2144 Aliter:
327 2079 368 2144 111
396 2082 454 2146 951
481 2079 638 2161 Denique
655 2100 720 2161 per
742 2079 910 2161 dissaepta
934 2079 1104 2144 donorum
1126 2082 1230 2145 sauea
1252 2101 1304 2146 uo·

176 2202 228 2246 ees
261 2181 480 2248 Peruolitant.
524 2183 603 2249 Item
636 2184 836 2248 intransitive
869 2191 1045 2266 usurpetur
1075 2184 1210 2249 verbum
1239 2185 1305 2267 pri-

175 2286 317 2350 marium
345 2285 536 2366 pervolare:
568 2286 610 2351 111
631 2289 718 2352 *916
756 2285 867 2366 Usque
891 2287 971 2351 adeo
992 2292 1235 2369 permananter
1256 2287 1305 2351 ois

169 2389 329 2471 pervolat
350 2389 432 2471 eius,
454 2389 509 2455 ubi
530 2391 662 2472 Brieger
683 2391 830 2455 codicum
855 2391 1048 2472 scripturam
1065 2391 1219 2473 pervalet
1237 2410 1305 2458 ser·

175 2493 276 2573 verit,
299 2511 398 2575 quem
420 2492 589 2558 Turnebus
611 2499 644 2559 et
666 2493 837 2573 Bentleius,
861 2493 949 2575 quod
958 2493 1134 2574 perdolere
1149 2493 1224 2559 alibi
1238 2513 1305 2558 nou

175 2601 340 2675 occurret,
362 2596 396 2659 in
412 2595 568 2676 pervolat
589 2603 807 2661 correxerunt.
912 2650 915 2655 .

280 2701 452 2779 praeterire
474 2699 548 2764 vide
570 2719 600 2781 p.
624 2699 672 2763 18.

281 2803 384 2865 subire
406 2801 479 2866 vide
501 2821 530 2883 p.
556 2802 603 2866 18.
633 2838 676 2848 -
700 2806 846 2866 subruere
868 2800 940 2864 vide
962 2820 992 2882 p.
1017 2801 1065 2864 19.

280 2907 419 2984 reperire
446 2904 518 2970 vide
548 2924 578 2986 p.
613 2905 659 2968 18.

279 3015 491 3072 ueueourrere
515 3008 586 3073 vide
607 3028 637 3090 p.
664 3010 711 3073 11.
736 3044 775 3055 -
798 3008 934 3071 naurire
957 3006 1030 3069 vide
1052 3025 1081 3086 p.
1108 3005 1153 3069 18.

278 3117 414 3178 tronus.
448 3109 460 3173 l
497 3113 536 3174 14
568 3109 656 3174 Inde
689 3109 781 3188 ferae
804 3108 1031 3189 pecudes···
1053 3106 1214 3188 rapidos
1238 3111 1304 3171 tru-

172 3216 265 3278 nant
294 3211 437 3290 annis·
459 3211 501 3276 IV
526 3215 583 3278 171
609 3232 694 3292 quae
716 3209 880 3275 nobilitas
903 3209 975 3274 ollis
999 3208 1213 3274 tranantibus
1237 3229 1304 3273 au·

172 3336 240 3380 ras
273 3313 423 3379 Reddita
449 3313 508 3394 sit;
531 3316 591 3380 601
617 3313 684 3379 nisi
705 3318 812 3378 recta
833 3311 1032 3393 foramina
1057 3316 1206 3378 tranant.
1252 3313 1304 3377 ln-

171 3418 355 3484 tronsitive:
377 3416 418 3481 VI
443 3419 527 3482 1052
549 3437 657 3497 neque
679 3416 777 3482 babet
798 3436 866 3498 qua
879 3420 1001 3481 tranet
1022 3420 1062 3479 ut
1082 3420 1169 3481 ante.

277 3525 497 3585 brennendere
521 3521 594 3585 vide
615 3539 644 3602 p.
667 3522 717 3586 20.

277 3627 481 3687 transvolare.
514 3623 556 3687 lV
576 3625 640 3688 559
664 3622 743 3686 duni
767 3622 953 3687 transuolat
974 3642 1102 3686 auras.
1146 3621 1304 3688 Absolute

172 3732 361 3808 usurpatur:
393 3724 435 3790 IV
467 3727 530 3791 602
566 3723 689 3805 Qualia
722 3729 804 3791 sunt
832 3723 938 3807 ultrei,
961 3723 1083 3806 speeies
1106 3744 1174 3804 qua
1197 3728 1302 3790 travo-

173 3829 223 3893 lat
244 3827 360 3892 annis.

276 3933 507 3996 transvolitere.
540 3930 552 3994 l
586 3932 650 3996 354
679 3949 770 3994 voees
791 3964 799 3981 ·
821 3929 957 3994 clausa
980 3930 1152 3994 doniorunr
1177 3928 1302 3994 Trans·

173 4033 324 4098 volitant.

277 4142 306 4210 8.
349 4133 457 4201 Verba
479 4136 620 4217 quietem
643 4135 866 4215 significantia.
