2964 4890
341 315 401 381 126

297 519 474 600 expellitur
508 540 613 585 aeuo.
654 519 707 585 Sic
741 507 849 585 locum
884 521 980 586 edidit
1016 522 1254 599 Lachmannus‚
1290 541 1366 586 cum
1397 524 1429 585 in

298 623 465 688 codicibus
487 624 568 688 haec
592 631 720 688 exstant
743 623 858 688 verba:
882 625 1053 703 mtrltupue
1063 628 1241 704 praeterea
1255 624 1429 704 perditum

298 724 476 805 expellitur
508 745 585 788 uero
620 745 739 804 prefuuu
773 745 902 790 versum
938 729 1029 790 uncis
1062 728 1192 791 inclusit
1220 728 1428 810 BernaysiuS,

296 830 351 911 qui
388 828 594 893 scribendum
633 837 758 895 censet:
794 829 966 908 multoque
995 833 1173 909 praeterea
1200 829 1318 910 peralit
1355 851 1426 893 curu

297 931 474 1012 repellitur
507 951 595 995 aeuo.
641 932 755 996 Munro
784 939 905 1012 antem,
934 933 1020 1014 quod
1045 940 1155 997 censet
1180 952 1258 996 oeuo
1284 935 1318 997 in
1341 935 1428 998 bunc

296 1054 424 1099 versum
449 1053 467 1098 e
489 1034 551 1098 fine
574 1053 687 1098 versus
710 1036 932 1100 antecedentis
955 1036 1124 1116 irrepsisse
1147 1042 1245 1117 atque
1269 1036 1430 1114 perarida

297 1138 404 1202 medio
437 1156 533 1202 versu
567 1138 600 1201 in
636 1139 812 1218 marginem
840 1139 977 1202 relatum
1001 1157 1083 1216 esse,
1108 1137 1208 1202 verba
1232 1139 1370 1203 Lucretii
1396 1141 1426 1202 in

296 1243 382 1305 bunc
417 1240 548 1304 modum
582 1240 707 1303 restitui
743 1241 819 1303 vult:
846 1239 1017 1318 multoque
1038 1244 1213 1320 praetereo
1229 1242 1348 1321 perdit
1371 1242 1428 1326 (se.

294 1344 428 1424 eorpus)
452 1362 553 1421 quoru
577 1341 753 1421 expellitur
776 1347 853 1406 oute
877 1342 933 1426 (sc.
959 1342 1099 1416 auimo).
1139 1344 1270 1425 Brieger
1294 1344 1426 1409 Mnnro·

297 1465 369 1510 nem
392 1446 536 1527 sequitur
559 1453 751 1526 -excepto
765 1445 962 1525 pellitur-
980 1448 1096 1511 lacuna
1112 1448 1234 1511 scilicet
1251 1455 1350 1512 antea
1368 1450 1429 1528 sig-

296 1556 379 1613 nata.
408 1548 560 1613 Heinzius
583 1567 660 1612 vero
684 1569 757 1613 cum
783 1549 959 1632 Bernaysio
975 1569 1105 1613 versum
1122 1552 1191 1615 sine
1207 1552 1299 1614 uncis
1317 1550 1425 1618 edidit.

296 1655 437 1734 itemque
461 1650 646 1715 Giussanus.
681 1652 771 1731 Quae
795 1652 836 1716 ab
861 1653 994 1717 Heinzio
1018 1653 1058 1716 de
1080 1653 1143 1717 hoc
1165 1654 1238 1718 loco
1255 1653 1426 1734 proferun-

294 1764 347 1818 tur
381 1757 535 1837 quoniam
570 1755 647 1817 mibi
681 1754 850 1836 probanda
885 1756 1041 1830 videntur,
1077 1762 1270 1837 scripturam
1307 1758 1426 1821 ceteris

296 1858 540 1940 praeferendam
564 1858 712 1939 equidem
737 1867 825 1939 puto,
846 1878 1045 1941 quamquam
1060 1866 1164 1923 totum
1181 1861 1289 1924 locum
1307 1861 1425 1925 obscu-

295 1964 389 2025 ritate
423 1961 572 2025 laborare
603 1968 740 2025 constat.
785 1961 892 2028 Semel
926 1963 1051 2028 accedit
1086 1964 1302 2044 praepositio:
1333 1963 1425 2028 Vre

295 2065 387 2128 Haec
420 2063 525 2147 ipitur
558 2063 616 2143 qui
650 2068 769 2129 caueto
791 2065 958 2148 eracapere
979 2087 1020 2129 er
1043 2065 1219 2144 ouiutoque
1244 2065 1428 2146 Euporo-tt

295 2166 401 2231 (lictis.

398 2278 566 2353 repulsare.
619 2274 660 2338 IV
693 2273 755 2338 578
790 2272 838 2336 ito
872 2272 966 2336 colles
1005 2271 1067 2335 eol
1076 2271 1103 2334 li
1112 2271 1182 2334 bus
1218 2271 1284 2351 ipsi
1321 2271 1426 2335 Verbo

293 2374 504 2454 repulsantes
538 2375 706 2439 iterabant
739 2375 833 2438 (locta
866 2373 995 2453 referri.
1041 2375 1087 2439 De
1121 2376 1183 2439 hoc
1207 2375 1280 2439 loco
1304 2375 1424 2438 nullam

297 2478 492 2542 mentionem
517 2478 639 2543 iaciunt
661 2478 823 2542 Ebrardus
846 2467 991 2541 Holtzius'
1014 2477 1180 2554 Meissner‚
1204 2496 1263 2558 pro
1280 2477 1425 2541 ablativo

295 2583 530 2645 instrumentali
563 2581 697 2644 collibus
731 2584 764 2645 in
798 2583 1040 2646 commentariis
1075 2582 1177 2662 accipi
1208 2581 1275 2644 vult
1298 2581 1424 2645 Becke-

297 2685 436 2763 rnueller,
471 2703 577 2766 neque
610 2685 684 2766 quid
709 2685 749 2749 de
772 2685 914 2749 ablativo
938 2686 1056 2749 sentiat
1080 2685 1194 2748 Munro
1218 2685 1297 2748 satis
1322 2704 1424 2766 appa-

294 2795 353 2867 ret,
386 2788 472 2870 quod
507 2789 553 2852 sic
591 2789 698 2853 vertit:
732 2790 763 2851 in
788 2788 867 2852 such
889 2788 969 2852 wise
992 2788 1045 2851 did
1069 2788 1124 2850 the
1147 2806 1223 2869 very
1247 2788 1319 2851 hilis
1344 2788 1423 2850 dash

296 2891 379 2954 back
410 2910 453 2955 on
487 2891 557 2954 hills
587 2892 651 2954 and
685 2899 796 2972 repeat
819 2892 873 2955 the
896 2892 1003 2954 words
1025 2891 1100 2954 thus
1123 2890 1248 2954 trained
1271 2897 1305 2954 to
1330 2908 1424 2954 come

256 2995 259 3000 ’
295 2995 388 3057 back.
433 2994 594 3074 Quoniam
629 2993 764 3057 collibus
795 2995 836 3057 ad
871 2995 1077 3076 participium
1110 2994 1220 3075 potius
1254 3012 1353 3075 quarn
1383 2994 1423 3057 ad

292 3097 428 3161 verbum
463 3096 586 3161 finitum
616 3097 742 3161 videtur
764 3097 977 3176 referendum,
1002 3097 1178 3160 ablativum
1203 3098 1423 3177 separativum

294 3208 329 3264 ut
362 3199 560 3280 repulsoruli
590 3200 689 3264 verbo
713 3202 834 3282 apponi
858 3208 967 3281 putem
991 3219 1030 3264 ea
1053 3200 1194 3263 maxime
1217 3218 1252 3263 re
1276 3218 1418 3263 commo·

294 3314 345 3368 tus
379 3324 460 3382 sum,
495 3304 581 3386 quod
610 3303 784 3383 repulsore
811 3305 925 3368 eodem
949 3303 1016 3368 tere
1039 3321 1137 3366 sensu
1161 3308 1423 3384 usurpaturque

292 3408 414 3471 reicere
437 3408 482 3489 (in
506 3426 601 3471 versu
624 3408 700 3490 oto)
723 3414 755 3471 et
778 3406 902 3485 reterre
925 3406 970 3489 (in
994 3423 1087 3469 versu
1112 3404 1198 3487 579),
1222 3423 1307 3486 quae
1323 3404 1423 3469 verba

294 3513 511 3594 separativum
547 3510 607 3572 sibi
642 3509 817 3573 ablativum
851 3509 1012 3573 interdum
1037 3508 1232 3585 adsciscunt,
1256 3515 1288 3571 et
1313 3507 1421 3586 verbo,

292 3615 380 3696 quod
410 3622 460 3679 est
486 3613 652 3693 repellere,
676 3613 835 3677 ablativus
859 3613 1060 3694 separativus
1083 3631 1156 3675 eum
1181 3612 1422 3692 praepositione

289 3737 388 3782 sane-
407 3718 493 3799 apud
521 3717 704 3781 Lucretium
728 3718 920 3780 coniunctus
943 3714 1030 3779 haud
1052 3716 1098 3778 ita
1120 3733 1195 3778 raro
1220 3714 1422 3777 adscribitur.

293 3822 377 3885 Nihil
402 3829 513 3885 tamen
543 3827 632 3884 certo
656 3821 823 3884 diiudicari
847 3827 963 3902 potest,
988 3819 1177 3901 praesertim
1202 3837 1276 3882 cum
1300 3818 1341 3882 de
1365 3819 1420 3881 da-

289 3928 359 3990 tivo
382 3943 511 4006 quoqne
535 3925 678 4004 cogitare
701 3924 804 3988 liceat.

396 4031 575 4108 exprimere.
620 4027 661 4090 IV
694 4029 755 4091 547
791 4027 900 4090 Hasce
933 4025 1037 4109 ipitur
1064 4028 1204 4105 percitus
1232 4045 1324 4088 voces
1349 4046 1421 4089 euru

294 4116 462 4209 corpore
496 4133 634 4193 nostro
668 4128 911 4210 Exprimiutus.
957 4128 1158 4210 Praepositio
1182 4127 1222 4190 cle
1244 4130 1422 4208 reperit-ur:

289 4233 320 4296 'V
342 4234 402 4297 487
429 4253 603 4313 cupressus
625 4233 735 4295 salsus
759 4233 798 4295 tle
822 4252 954 4312 corpore
976 4232 1088 4296 sudor.
