2964 4890
1196 227 1253 290 105

172 417 183 479 Ι
214 419 277 481 673
306 418 364 480 797
395 417 420 479 11
448 418 509 480 toa
533 414 668 481 7647177
693 415 761 478 7777
784 436 836 479 777
858 417 999 480 redeant
1020 417 1064 480 aet
1086 415 1194 481 7777777
1216 415 1296 494 faa·

173 519 262 582 7777777
296 521 459 598 77777717
492 519 516 581 II
549 521 613 583 500
646 517 722 582 Iam
758 517 826 581 77777
861 517 1051 582 barbaricae
1073 523 1176 583 777777
1198 518 1296 582 Mett-

172 622 320 700 7777777777
352 619 486 703 taiperto
516 620 678 700 Parpara
700 655 706 668 ·
725 655 732 668 ·
751 656 757 668 ·
779 624 939 701 caperata
961 655 966 668 ·
988 619 1151 697 77777777·
1174 621 1211 683 111
1237 623 1294 686 197

173 723 420 787 7777777777
445 721 513 787 77777
540 720 593 802 aa
616 726 676 787 aat
698 722 786 786 777777
810 743 954 787 77777777.

275 826 325 890 Ad
347 826 585 898 similitudinem
608 826 706 890 dativi
728 827 824 890 ethici
847 827 973 891 accedit
995 827 1120 891 dativus
1144 827 1193 890 his
1204 828 1296 891 Iocis:

172 929 211 992 III
235 931 295 993 772
321 927 449 1007 Quietae
470 926 562 1008 saras
584 926 658 990 77777
681 927 1296 995 77777777777777777777777777771077

176 1036 212 1093 777
243 1052 335 1096 7777777
362 1031 562 1111 pleramque
598 1029 744 1094 credemus
773 1029 862 1109 Qra'a
883 1030 957 1093 77777
980 1030 1120 1110 quisque
1144 1030 1221 1095 77777
1241 1052 1297 1096 77-

172 1134 414 1213 77771124
451 1133 548 1198 777777
574 1132 649 1196 77777
674 1138 847 1197 77777777
842 1154 970 1214 seraper
991 1133 1047 1214 tter
1037 1138 1111 1198 77
1112 1155 1139 1196 77
1100 1134 1298 1198 777Η777

174 1237 412 1303 Commemorat
431 1236 570 1317 spectem
594 1237 657 1301 77777
647 1236 748 1300 amas
772 1235 943 1319 efformem
965 1238 1072 1301 777777
1096 1237 1194 1318 077777
1168 1259 1253 1302 77777.

278 1341 458 1422 Separatim
491 1358 713 1405 commemoro
747 1340 889 1404 dativum
923 1339 985 1403 77777
1008 1341 1094 1422 apud
1118 1342 1297 1406 Lucretium

174 1443 419 1526 pronominibus
452 1482 491 1490 -
525 1443 670 1525 inprimis
704 1443 855 1508 reflexivo
889 1444 1071 1525 pronomini
1103 1481 1146 1490 —
1172 1451 1300 1526 praeter

175 1548 402 1612 necessitatem
425 1547 569 1611 additum
592 1565 663 1611 esse
676 1547 714 1630 ²):
736 1546 749 1610 I
771 1549 833 1612 too
856 1545 939 1610 Esse
963 1550 1138 1626 atramque
1153 1546 1226 1610 77777
1236 1568 1301 1628 per

174 1671 208 1714 77
236 1669 445 1730 petramque
461 1654 638 1729 7777777777,
670 1649 708 1713 III
745 1653 804 1714 145
831 1648 939 1728 Irtqrm
961 1648 1035 1712 77777
1057 1650 1163 1713 solam
1181 1671 1245 1730 per
1266 1672 1300 1712 se

173 1752 279 1833 777777·
312 1753 347 1817 777
380 1752 454 1815 77777
486 1754 628 1837 ,cauata
661 1755 726 1829 590
759 1758 798 1816 at
829 1773 961 1817 77777777
978 1752 1088 1833 possis
1113 1789 1118 1800 ·
1139 1789 1143 1798 ·
1168 1753 1300 1818 77777777

174 1860 335 1920 maturam
357 1890 363 1903 ·
382 1891 388 1902 ·
408 1855 531 1935 prims
566 1875 633 1919 7777
666 1853 740 1918 77777
773 1854 965 1919 distractam
999 1876 1130 1935 corpore
1154 1856 1191 1920 77
1214 1855 1301 1935 ipsa·

174 1958 235 2024 687
274 1957 340 2022 Sea
374 1958 423 2022 777
449 1961 488 2021 at
508 1957 546 2022 77
568 1977 668 2021 77777
690 1956 764 2020 77777
781 1977 846 2037 per
867 1979 901 2021 se
926 1957 1031 2021 777777
1053 1958 1156 2021 77777
1180 1957 1300 2022 07777-

174 2061 244 2137 777,·
267 2061 329 2125 886
355 2060 420 2140 Qar'
437 2059 546 2141 pacsr't
567 2060 661 2124 777777
683 2060 758 2124 7777
780 2082 814 2123 77
838 2061 949 2144 779777
967 2065 1186 2140 peremptam.

647 2248 837 2314 Addenda.

376 2390 404 2449 1.
426 2385 560 2450 Dativus
583 2384 689 2449 verbis
711 2387 899 2468 compositis
920 2387 1108 2467 adscriptus.

281 2524 315 2587 In
348 2524 462 2604 linguis
497 2524 766 2604 indegermanicis
800 2525 1055 2605 praepositiones
1082 2543 1121 2588 ex
1144 2521 1303 2587 adverbiis

190 2628 218 2717 =d
243 2626 332 2690 verbi
356 2628 520 2691 notionem
544 2628 728 2691 accuratius
751 2627 964 2692 definiendam
990 2629 1038 2691 vel
1061 2626 1302 2708 exprimendam

176 2722 333 2812 appositis
355 2729 530 2810 antiquitus
553 2730 712 2793 exstitisse
734 2730 798 2793 iarn
820 2730 904 2794 inter
923 2748 1036 2793 omnes
1052 2735 1188 2793 constat.
1220 2729 1301 2792 Nam

176 2838 252 2915 cu'm
276 2831 375 2896 verbo
399 2832 545 2896 adiectus
568 2837 654 2896 esset
677 2850 782 2912 casuS,
806 2831 873 2896 fieri
896 2832 1008 2913 potuit,
1033 2838 1067 2896 ut
1089 2850 1152 2894 vox
1175 2832 1303 2912 proprie

176 2935 240 3000 adv
301 2935 370 2998 ialis
393 2953 467 2998 cum
492 2953 570 2999 casu
593 2935 694 2999 artius
718 2935 976 3016 coniungeretur.
1009 2934 1097 2998 Alias
1120 2939 1229 2998 autem
1245 2934 1303 2997 ad-

177 3037 289 3102 7771717
346 3056 421 3101 cum
444 3036 553 3113 verbe,
577 3038 628 3101 cui
644 3037 710 3102 fere
726 3056 854 3119 semper
869 3036 1138 3118 praeponebatur,
1154 3037 1188 3100 in
1203 3055 1303 3100 unum
1354 3055 1360 3062 ·

177 3141 307 3206 coaluit.
351 3139 432 3203 Tum
459 3158 536 3204 vero
559 3140 685 3221 accidit,
711 3148 746 3204 ut
771 3139 869 3205 verbo
892 3159 958 3204 non
982 3141 1085 3204 solum
1109 3158 1205 3203 casus
1227 3137 1304 3203 sub-

176 3246 279 3308 iceret
281 3263 328 3322 ur,
361 3243 483 3308 sedt
452 3244 548 3307 etiam
571 3245 736 3325 praeposit
737 3245 768 3307 io
792 3262 875 3325 quae
898 3243 1040 3325 praefixa
1063 3251 1132 3307 erat
1154 3247 1230 3306 ante
1253 3260 1303 3306 ea·
1380 3229 1382 3233 ’

177 3366 250 3411 sum
274 3346 443 3410 iteraretur
444 3345 586 3412 Sed
577 3366 609 3410 1n
632 3346 738 3411 verbis
761 3348 949 3428 compositis
973 3353 1067 3411 const
1054 3346 1198 3410 truendis
1221 3345 1303 3408 mul-

176 3450 279 3513 tum
270 3469 302 3513 rn
304 3457 353 3513 ter
375 3468 410 3513 se
435 3397 583 3513 ‹Iifferunt
570 3450 705 3531 tscript
707 3469 780 3514 ores
803 3450 856 3514 lat
834 3450 900 3514 tini

283 3551 431 3616 Dativum
445 3570 583 3633 quoque,
597 3572 669 3616 cum
691 3554 785 3617 locali
801 3553 1033 3636 significatione
1048 3553 1194 3634 primitus
1210 3569 1304 3614 usur-

178 3660 274 3736 patus
307 3655 357 3734 sit,
384 3656 550 3736 permultis
576 3654 684 3719 verbis
707 3675 780 3721 cum
804 3654 1095 3737 praeposifionibus
1117 3654 1304 3735 compositis

178 3758 357 3838 adiungunt
389 3758 563 3839 scriptores
596 3776 702 3840 neque
736 3766 846 3824 tamen
880 3767 1059 3823 structuras
1092 3759 1304 3840 praepositio-

178 3897 383 3905 —.......—

281 3963 302 4026 ¹)
322 3961 380 4014 Hoc
398 3960 457 4014 loco
476 3960 583 4014 dativus
602 3961 637 4015 atl
656 3961 861 4015 stmilitmIInem
879 3962 965 4015 dativi
984 3961 1130 4015 iudicantis
1148 3960 1261 4013 accedit.

282 4046 421 4114 2)1)71717
439 4048 584 4101 structuris
602 4057 715 4116 egerunt
734 4048 957 4116 Landgraiius
977 4047 994 4101 I.
1013 4047 1031 4100 I.
1050 4046 1131 4099 Arch.
1149 4045 1217 4099 VIII
1236 4045 1305 4112 p.43

182 4146 227 4198 sq„
246 4132 373 4185 Ziemer
391 4131 443 4186 Str.
462 4147 488 4198 p.
507 4133 556 4185 150
575 4148 631 4200 sqq.
