2964 4890
215 219 256 283 28

172 413 246 469 runt
283 406 510 469 Laohmanuns
547 405 742 488 Bernaysius
780 407 917 487 Brieger‚
954 406 1068 471 Munro
1101 426 1180 472 vero
1214 409 1303 473 solus

174 508 325 572 (ireddere
339 508 364 590 ¹)
388 508 475 589 quod
498 508 631 589 praebet
655 506 680 572 Ο
704 527 763 589 pro
786 509 966 590 antiquiore
989 509 1094 574 forma
1113 517 1204 574 ratus
1219 511 1304 575 siout

174 611 198 674 ll
224 612 304 676 1025
328 629 457 692 quoque
480 611 665 694 restituit2).
699 606 833 676 Accedit
855 612 904 675 his
923 612 1004 676 locis
1016 613 1225 694 praepositio:
1243 613 1303 677 orl:

172 713 197 776 ll
234 717 314 777 1024
347 712 435 776 Nom
472 712 529 776 dot
563 717 730 777 verunae·
763 734 850 777 nouo
886 734 938 776 rer
969 714 1102 777 molitur
1136 715 1180 778 od
1209 715 1303 778 ouria

172 815 345 881 Accidere:
367 815 409 879 lV
431 816 494 881 236
519 814 555 880 ire
579 815 643 879 luri
667 836 753 894 qeroe
769 815 895 896 poterit
916 837 968 879 ree
990 815 1147 881 Accidere
1171 817 1216 881 ad
1229 837 1301 898 spe·

173 916 252 981 elem
287 918 466 998 qarorlrotu,
501 917 568 982 rarsi
601 918 671 981 eius
693 918 825 1002 iereopo?
847 920 901 984 ubl
923 920 1028 984 Keller
1050 939 1078 1000 p.
1105 921 1143 984 16
1167 921 1302 1000 exprimi

173 1020 258 1098 dicit,
293 1018 370 1101 quid
404 1021 500 1084 etiam
535 1021 577 1085 ad
610 1021 750 1102 aliquam
785 1040 854 1085 rem
888 1022 962 1086 addi
996 1021 1121 1102 debeat,
1149 1030 1184 1086 ut
1206 1023 1303 1104 plena

173 1122 367 1203 praebeatur
389 1128 422 1186 et
444 1140 484 1187 ex
506 1122 656 1186 omnibus
678 1124 823 1205 partibus
845 1124 995 1190 absoluta
1017 1126 1086 1189 eius
1107 1126 1154 1190 rei
1166 1126 1301 1206 speeies,

172 1225 287 1288 lllunro
320 1225 439 1288 rectius
475 1225 519 1289 orl
551 1225 690 1306 speeiem
725 1225 790 1291 fere
817 1228 902 1292 idem
925 1235 1023 1309 atque
1046 1228 1091 1290 od
1114 1227 1222 1291 oculos
1244 1246 1302 1292 va-

173 1331 238 1394 lere
272 1329 374 1393 docet.
410 1328 462 1393 iu:
495 1330 537 1394 lV
569 1330 632 1393 215
665 1328 785 1394 Iamne
815 1331 906 1394 rides
928 1330 1032 1414 rqiero·
1055 1350 1156 1410 quom
1173 1335 1301 1412 porteto

176 1437 316 1513 tempore
344 1432 451 1517 integro
478 1432 629 1498 Aetheris
653 1433 841 1498 emoriere
865 1438 1030 1499 terrorum
1054 1433 1184 1498 occidat
1205 1432 1303 1499 orus?

173 1537 347 1601 Praeterea
369 1537 408 1601 de
431 1538 493 1601 hoe
516 1536 615 1602 verbo
639 1545 763 1602 mutato
787 1556 885 1602 sensu
908 1557 981 1603 oum
1006 1538 1114 1603 dativo
1127 1539 1302 1602 coniuncto

175 1640 331 1705 conferas

277 1749 422 1807 accedere
456 1744 527 1808 vide
556 1764 585 1825 p.
619 1746 666 1809 16.
694 1782 732 1790 -
753 1749 919 1808 adcredere
955 1745 1025 1808 vide
1059 1764 1088 1825 p.
1112 1744 1161 1808 24.
1186 1781 1226 1790 —
1249 1748 1302 1807 ad·

173 1852 249 1912 flare
272 1847 343 1910 vide
366 1866 394 1927 p.
418 1848 469 1910 at.
501 1885 523 1890 --
556 1849 644 1910 adire
667 1847 739 1910 vide
761 1867 791 1928 p.
817 1852 863 1911 17.
889 1885 925 1892 —
947 1847 1301 1928 ascenderevidepeo.

277 1951 548 2013 ioiroumfluitare.
583 1950 594 2012 l
630 1950 691 2012 718
726 1948 835 2028 Qurua
861 1948 1001 2028 fluituras
1025 1948 1147 2012 cirrum
1169 1947 1303 2032 muenia

175 2050 383 2131 aufractibus·
417 2072 541 2130 (repleor
573 2050 709 2115 Ionierro
735 2050 864 2135 plataeis
887 2050 1039 2134 osporqr't
1060 2050 1153 2115 airus
1176 2051 1215 2115 ab
1239 2071 1303 2115 uu·

177 2155 238 2236 die,
261 2155 315 2218 ubi
337 2161 425 2218 reete
448 2173 549 2233 peroro
573 2172 591 2217 e
615 2152 736 2216 eirenen
761 2154 901 2234 pendere
923 2154 1101 2235 putandum
1126 2161 1175 2219 est
1198 2171 1303 2234 neque

175 2256 309 2322 verbum
337 2256 557 2344 „compositum
581 2263 708 2320 exstare
731 2262 863 2338 propter
885 2275 1003 2320 vocum
1026 2257 1171 2321 ordinem
1196 2256 1303 2321 existi-

177 2360 340 2437 mandum,
375 2378 448 2422 oum
484 2365 600 2440 poetae
632 2361 702 2424 sine
735 2360 799 2424 ullo
833 2378 946 2424 versus
980 2360 1173 2424 detrimento
1201 2379 1302 2439 qoam

176 2462 298 2526 cirrum
341 2460 482 2541 fluitans
515 2462 658 2526 licuisset
691 2481 821 2543 ponere,
856 2464 883 2525 si
917 2462 1052 2527 verbum
1086 2464 1304 2544 compositum

176 2565 381 2629 introducere
403 2565 567 2629 voluisset.

278 2668 452 2731 †inoidere.
487 2667 528 2731 lV
560 2669 623 2733 568
648 2687 836 2748 percrepare
858 2687 972 2731 oneum
996 2688 1065 2731 reon
1089 2667 1199 2731 oreris
1221 2666 1303 2732 inei·

177 2770 226 2833 dit
259 2769 374 2851 ipsos,
420 2769 500 2834 Cum
536 2771 775 2851 praepositione
799 2769 835 2834 io
858 2771 1074 2851 coniungitur:
1097 2770 1138 2834 Vl
1165 2772 1224 2835 145
1246 2769 1304 2833 obi

177 2893 192 2936 e
215 2872 297 2937 uerbi
321 2872 356 2936 io
380 2871 572 2936 lutheranis
595 2871 714 2936 ireoe'lr't
736 2872 858 2936 ordene
881 2871 1069 2951 Prummu·
1091 2873 1154 2937 296
1177 2871 1242 2935 Est
1260 2876 1303 2936 et-

176 2975 243 3040 ium
277 2997 350 3040 roro
378 2975 426 3038 ris
454 2975 658 3040 eerrtoseeas
681 2975 784 3040 trinita
807 2973 1105 3039 terremotum
1126 2973 1303 3057 providum

176 3082 305 3142 motum
339 3077 482 3157 picturiae
513 3077 643 3142 orthem.
689 3078 735 3142 De
763 3078 871 3142 dativo
894 3077 969 3142 huic
991 3077 1091 3142 verbo
1114 3096 1303 3142 accommo-

176 3182 252 3245 dato
277 3179 424 3245 conferas
447 3180 551 3243 velim.

278 3287 388 3347 inflare
411 3283 484 3347 vide
506 3304 535 3364 p.
558 3285 609 3347 Ξῖ.

278 3387 479 3467 †indngredi.
510 3386 522 3448 l
552 3387 588 3450 81
622 3405 664 3449 ne
693 3386 777 3465 sorte
804 3384 893 3449 reorr'
931 3389 991 3449 ·te
1014 3421 1020 3433 ·
1040 3420 1045 3433 ·
1066 3421 1071 3432 ·
1094 3384 1195 3449 olom
1217 3384 1303 3451 ·Iu-

177 3489 318 3572 (terprerli
346 3488 494 3568 sceleris·
516 3489 544 3553 V
566 3490 608 3553 55
632 3486 736 3552 Cales
760 3508 815 3572 epo
839 3487 1011 3571 inpressos
1033 3487 1200 3571 oestipe‘o
1224 3489 1304 3553 dum

176 3592 322 3656 rationes
355 3592 551 3672 Persequor.
596 3591 800 3655 Intransitive
832 3598 1020 3672 usurpatur:
1053 3590 1094 3655 lV
1127 3593 1189 3656 367
1214 3595 1304 3656 Adra

176 3695 205 3758 se'
229 3694 334 3759 eredis
351 3694 525 3776 priuatam
550 3693 675 3758 lentiore
692 3714 791 3775 posse
812 3693 1013 3778 Induyredi.

279 3901 299 3962 ¹)
325 3900 366 3952 De
392 3899 444 3951 hoo
471 3899 560 3951 forma
577 3897 670 3951 videas
696 3913 764 3965 qnae
792 3898 909 3951 disserat
928 3897 958 3951 Ο.
978 3898 1085 3966 Heyus
1104 3913 1124 3950 s.
1145 3914 1169 3950 v.
1187 3897 1305 3951 occidere

176 3985 258 4038 Aroh.
276 3983 316 4036 IX
335 4001 379 4051 pp.
397 3985 543 4036 454-457.
1052 4042 1055 4048 .

279 4071 300 4137 ²)
317 4069 436 4136 accipere
454 4069 586 4124 Marullus
604 4070 755 4122 Lambinus
775 4068 946 4122 Woelfflinus
965 4069 1058 4134 (Arch.
1076 4067 1103 4120 V
1115 4084 1140 4135 p.
1153 4067 1215 4135 393)
1226 4082 1303 4136 prae·

177 4156 275 4223 lerunt,
295 4155 328 4208 de
347 4172 400 4222 qua
418 4156 556 4223 scriptura
574 4155 668 4208 videas
687 4155 911 4207 commentarium
930 4154 1107 4207 Lachmanni.
