2964 4890
569 1037 903 1131 Seminarium

594 1264 870 1324 Prasmonenda.
1242 1291 1300 1344 pag,

278 1383 319 1435 De
336 1381 362 1433 vi
381 1386 408 1434 et
426 1395 477 1433 usu
495 1395 606 1433 casuum
625 1380 771 1433 latinorum
791 1379 916 1432 universe
934 1378 1090 1445 disputatur
1128 1406 1133 1417 ·
1161 1406 1167 1418 ·
1196 1407 1201 1418 ·
1229 1407 1234 1417 ·
1283 1379 1300 1430 3

541 1520 619 1598 Cap.
641 1520 653 1578 1
674 1520 930 1580 Nominativus

175 1639 191 1706 ᾗ
211 1639 237 1689 1.
263 1638 303 1690 De
322 1637 347 1690 vi
366 1641 393 1690 et
411 1651 461 1689 usu
480 1636 641 1689 nominativi
659 1636 785 1689 universe
803 1635 959 1703 disputatur
991 1663 1234 1678 ········
1283 1636 1300 1688 6

173 1724 189 1791 ,ὃ
209 1724 233 1773 2.
264 1722 305 1776 De
322 1721 482 1774 nominativi
501 1720 572 1788 apud
591 1721 747 1774 Lucretium
766 1735 815 1773 usu
854 1749 1235 1761 ............
1283 1722 1300 1774 6

564 1862 642 1939 Cap.
664 1862 688 1920 Η
711 1861 912 1921 Vooativus.

173 1979 190 2046 ξ
210 1979 234 2028 3.
262 1977 303 2031 De
321 1977 347 2030 vi
365 1982 393 2029 et
410 1992 460 2030 usu
479 1976 596 2030 vocativi
614 1978 740 2030 universe
758 1977 915 2043 disputatur
955 2003 1234 2016 ·········
1266 1978 1301 2028 10

174 2063 190 2131 ξ
209 2063 234 2115 4.
255 2063 302 2115 'De
320 2062 437 2115 vocativi
455 2061 528 2129 apud
545 2062 700 2115 Lucretium
719 2077 769 2114 usu
782 2088 1234 2102 ··············
1269 2063 1301 2115 10

534 2202 613 2280 Cap.
636 2202 672 2261 III
694 2201 941 2261 Aoousativus

172 2318 233 2386 §a
263 2317 304 2370 De
322 2317 348 2369 vi
367 2321 394 2369 et
412 2331 463 2370 usu
482 2317 630 2371 accusativi
651 2317 774 2369 universe
793 2316 950 2383 disputatur
989 2345 1236 2360 ········
1267 2320 1299 2370 12

171 2403 232 2470 §a
260 2402 439 2455 Accusativus
457 2402 509 2455 loci
541 2430 1234 2446 ·····················
1267 2406 1300 2457 13

172 2488 232 2553 §L
261 2487 439 2540 Accusativns
458 2487 564 2540 obiecti.
661 2470 666 2482 ’

245 2573 266 2623 l.
294 2572 335 2624 De
354 2572 458 2640 origine
476 2576 559 2639 atque
578 2576 678 2625 natura
696 2573 844 2626 accusativi
863 2573 962 2625 obiecti
990 2602 1234 2614 ········
1267 2575 1301 2626 14

242 2659 266 2709 2.
292 2657 472 2709 Accusativus
490 2657 589 2709 obiecti
607 2658 720 2710 externi.

278 2742 309 2792 A.
336 2741 457 2807 Simplex
476 2742 647 2795 accusativus
682 2769 1234 2784 ·················
1267 2746 1300 2796 15

276 2825 409 2879 Addenda
427 2827 448 2880 1.
475 2827 656 2880 Accusativns
673 2828 853 2880 substantivis
872 2833 898 2881 et
916 2827 1056 2894 gerundiis
1075 2829 1232 2895 appositus·
1267 2832 1301 2882 44

277 2927 308 2980 Β.
334 2928 442 2995 Duplex
461 2930 632 2982 aecusativus
646 2958 1235 2972 ··················
1267 2933 1301 2984 45

278 3013 412 3066 Addenda
429 3014 466 3067 ΙΙ.
491 3015 672 3068 Accusativus
691 3016 780 3068 verbis
798 3017 917 3082 passivis
936 3016 1079 3082 appositus
1093 3044 1236 3058 ·····
1267 3018 1301 3069 49

243 3098 267 3151 3.
293 3099 473 3152 Accusativus
492 3100 590 3153 obiecti
609 3102 708 3153 interni
750 3129 1235 3144 ···············
1267 3106 1301 3159 50

172 3185 188 3254 ξ
215 3185 240 3238 8,
269 3183 448 3237 Accinsativus
465 3185 674 3239 terminationis.

243 3269 266 3320 1.
294 3269 336 3322 De
354 3269 459 3336 origine
476 3273 559 3336 atque
577 3277 677 3324 natura
695 3271 842 3324 accusativi
859 3272 1059 3326 terminationis
1092 3301 1233 3314 ·····
1268 3275 1302 3325 53

243 3354 266 3405 2.
294 3355 475 3408 Accusativus
493 3370 635 3409 mensurae
651 3384 1236 3399 ··················
1268 3361 1302 3412 53

242 3440 266 3493 3.
293 3440 472 3493 Accusativus
490 3442 621 3508 temporis
651 3471 1236 3484 ··················
1269 3447 1302 3497 54

174 3524 190 3593 ξ
215 3525 239 3578 9.
267 3525 448 3578 Accusativus
466 3525 633 3579 adverbialis
651 3554 1237 3570 ··················
1269 3532 1301 3580 55

174 3609 241 3677 §ln
260 3611 439 3663 Accusativns
457 3612 663 3665 exclamationis
686 3640 1237 3655 ·················
1268 3615 1302 3666 60

276 3693 411 3748 Addenda
429 3695 477 3747 111.
497 3697 520 3747 1.
539 3697 719 3749 Accusativus
737 3712 797 3748 cum
816 3697 1241 3764 praepositionibusconiunctus.

311 3780 534 3834 ascomannos
553 3797 613 3834 cum
633 3781 767 3835 infinitivo
787 3809 1237 3825 ··············
1268 3784 1301 3835 61

580 3920 659 3999 Cap.
681 3921 719 3980 IV
741 3922 897 3982 Dativus.

175 4034 242 4101 §lt
261 4034 303 4087 De
320 4035 346 4087 vi
365 4040 394 4089 et
412 4050 461 4088 usu
480 4035 566 4090 dativi
584 4037 710 4090 universe
728 4036 883 4104 disputatur
924 4066 1237 4082 ··········
1268 4040 1300 4092 67

175 4119 242 4188 512.
261 4118 377 4174 Dativus
394 4120 493 4175 finalis.

243 4207 268 4257 1.
296 4205 413 4259 Datinus
430 4206 521 4261 finalis
540 4208 593 4261 loci
634 4236 861 4250 ·······
890 4236 892 4240 Α
924 4236 1237 4252 ··········
1268 4212 1302 4263 69
