2964 4890
185 283 227 349 28

274 484 476 570 Conspectus
499 487 659 571 (ablativi)
683 489 940 552 instrumentalis
963 487 1155 553 Lucretiani.

42 628 70 691 ll
84 625 166 692 Aul.
176 625 426 710 prosecutious
439 681 539 687 —
556 624 664 691 lslbl.
679 624 877 692 sociatione
890 680 991 687 --
1010 627 1037 691 5
1047 625 1129 691 ΑΜ.
1145 625 1358 691 iustmmeni

556 949 679 1016 anri.
702 914 858 1015 notans
1017 950 1139 1017 onor
1175 951 1307 1035 copae

507 1050 916 1079 μ’-

506 1108 529 1152 α
556 1087 747 1152 comitatus
772 1089 795 1154 b
821 1089 921 1154 modi

1026 1278 1047 1340 7
1065 1274 1145 1341 Aba
1167 1294 1358 1341 mensurae

559 1413 586 1477 3
603 1412 682 1478 flul.
708 1413 899 1496 qualitatis

1027 1600 1052 1665 8
1070 1599 1149 1666 ΑΜ.
1168 1599 1297 1683 prelii

1023 1923 1048 1987 9
1066 1922 1147 1989 Aba
1171 1828 1358 1991 rLlaliorn

1012 2248 1055 2311 10
1074 2246 1155 2313 Aba
1179 2266 1308 2315 consue

444 2435 466 2520 ς
489 2435 544 2503 21.
590 2435 774 2504 Ablativus
795 2437 992 2504 sociativus.

254 2573 342 2637 Raro
366 2571 540 2636 admodum
565 2571 651 2652 apud
680 2572 855 2654 scriptores
876 2572 995 2635 latinos
1018 2572 1162 2637 ablativo
1184 2573 1282 2654 signi-

152 2676 289 2741 ficantur
322 2692 492 2757 personae,
527 2692 611 2756 quae
644 2675 739 2738 alieni
774 2675 989 2757 adstipulatae
1022 2676 1056 2740 in
1083 2676 1282 2758 regerenda

152 2781 247 2862 quasi
280 2779 416 2843 comites
452 2796 524 2842 esse
562 2777 713 2841 dicuntur
751 2777 989 2859 (ablativus
1023 2778 1282 2858 sociativus),

152 2883 238 2946 velut
267 2881 352 2963 apud
387 2879 562 2945 Caesarem
589 2879 624 2943 Β.
650 2879 718 2944 al
739 2882 792 2959 41,
815 2882 836 2943 2
859 2878 984 2945 Caesar
1006 2880 1160 2945 orionibus
1182 2878 1283 2961 copiis

154 2983 198 3047 nd
218 2983 367 3047 Ilerdam
385 2982 620 3064 proficiscitur,
643 2984 798 3065 quoniam
821 2982 961 3047 ablativo
985 2984 1179 3066 saepissime
1193 3000 1283 3066 prae

153 3086 346 3167 positionem
364 3086 439 3149 addi
461 3092 598 3149 constat.
643 3085 742 3151 Cuius
767 3088 894 3168 generis
918 3087 1038 3150 nullum
1061 3087 1150 3168 apud
1166 3087 1283 3152 Luere-

152 3188 233 3250 tium
256 3188 431 3250 ablativum
454 3188 515 3250 nisi
537 3207 612 3251 eum
640 3189 880 3270 praepositione
903 3209 977 3252 rum
1000 3189 1212 3253 coniunctum
1235 3188 1282 3252 in·

155 3290 308 3353 venimus.
353 3289 464 3371 Neque
488 3290 591 3353 solum
626 3308 795 3370 personae,
831 3292 1064 3355 verumetiam
1088 3290 1283 3369 animantes,

154 3395 255 3456 immo
278 3410 330 3457 res
353 3411 483 3476 quoque
516 3392 658 3457 ablativo
692 3394 849 3458 sociativo
873 3393 1102 3475 significantur,
1126 3413 1202 3457 eum
1225 3394 1283 3459 ali·

154 3514 251 3578 quem
285 3497 378 3577 quasi
411 3497 560 3561 comitari
595 3495 812 3578 perhibentur,
847 3514 1046 3578 quamquam
1069 3513 1170 3578 saepe
1193 3496 1284 3562 aliter

155 3598 286 3662 ablativi
308 3600 460 3681 explicari
483 3606 629 3679 possunt.
674 3599 781 3679 Quare
803 3599 889 3680 apud
912 3606 1061 3663 nostrum
1083 3598 1096 3662 Ι
1119 3599 1162 3663 74
1175 3597 1285 3678 Atque

155 3720 249 3765 eritne
273 3700 470 3765 immensum
498 3700 698 3784 peroptavit
725 3705 860 3765 luente
885 3700 1083 3780 ultimoque
1094 3721 1119 3781 e,
1143 3700 1199 3766 ubi
1222 3701 1284 3765 Eb-

154 3792 268 3868 rardus
291 3824 320 3886 p.
342 3804 405 3869 618
429 3804 612 3868 huiusmodi
645 3804 822 3868 ablativum
851 3810 993 3868 statuere
1016 3804 1153 3882 videtur,
1172 3806 1284 3870 neseio

155 3925 197 3970 an
219 3909 327 3988 potius
360 3906 520 3970 ablativus
553 3908 756 3973 instrumenti
791 3908 832 3971 sit
864 3913 1048 3988 usurpatus,
1081 3906 1128 3971 uti
1155 3914 1285 3973 vertunt

156 4011 345 4091 interpretes
367 4008 623 4074 Bookemueller:
647 4010 705 4073 mit
728 4009 816 4075 Geist
839 4010 905 4073 und
927 4008 1026 4089 Muth,
1049 4008 1165 4075 Munro
1188 4010 1284 4093 paulo

156 4112 259 4177 aliter:
283 4112 317 4174 in
340 4112 427 4174 mind
461 4112 525 4175 and
558 4112 659 4193 spirit,
694 4111 850 4175 Patinius:
884 4130 943 4192 par
977 4112 1009 4175 la
1031 4116 1160 4194 pensee.
1205 4112 1283 4177 For-

155 4219 244 4277 tasse
266 4232 324 4294 pro
348 4214 506 4278 sociativo
529 4213 698 4279 habendus
725 4220 774 4278 est
796 4214 955 4278 ablativus
977 4214 1027 4277 bis
1048 4213 1143 4279 locis:
1166 4214 1179 4278 l
1202 4214 1283 4282 1089
