2964 4890
345 1058 361 1097 ἵ
405 1144 407 1149 ¹
451 1076 454 1081 ¹
547 1082 569 1107 ·-·>
644 1056 835 1140 Gap.V.

205 1291 208 1296 ,
297 1191 301 1202 ’
585 1169 892 1305 aaronica.
950 1184 974 1275 f
1045 1235 1047 1239 ⁷

168 1373 175 1403 ³
200 1425 203 1430 .
233 1365 277 1449 -5
299 1365 351 1432 la.
395 1366 445 1434 lta
466 1369 501 1435 ri
523 1368 644 1437 etum
666 1369 812 1437 ablatlrl
835 1370 992 1439 universa
1015 1370 1227 1455 disputatur.
1248 1391 1250 1395 ’

181 1503 185 1509 '
277 1503 311 1567 ln
334 1503 510 1569 ablativum
532 1494 672 1587 linguae
684 1505 804 1594 latinae
824 1494 1016 1571 tres'casus:
1032 1507 1170 1573 localem
1185 1507 1304 1573 instru-

169 1597 363 1672 mentalem
378 1606 555 1671 ablativum
585 1596 775 1691 antiquitus
793 1598 987 1674 confluxisse
1011 1628 1031 1673 a
1054 1597 1130 1673 uiris
1153 1610 1303 1675 doctissi-

172 1713 235 1776 mis
269 1731 368 1794 quam
400 1712 605 1804 apertissime
638 1713 903 1778 demonstratum·
931 1719 1007 1778 est:
1033 1712 1141 1793 Quare
1175 1714 1202 1776 si
1232 1716 1303 1796 quis

172 1815 239 1878 vim
270 1821 302 1879 et
325 1834 419 1879 usum
442 1815 574 1880 ablativi
597 1816 688 1880 latini
711 1822 864 1881 accurate
887 1817 1084 1898 perscrutari
1107 1816 1192 1896 velit,
1216 1825 1304 1881 certe

171 1917 282 1989 lacere
305 1937 371 1983 non
394 1923 502 2000 potest
524 1920 600 2000 quin
624 1919 782 2000 originem
806 1925 838 1983 et
860 1924 1011 1983 naturam
1034 1919 1192 2000 triplicem
1209 1919 1304 1982 huius

172 2040 271 2085 casus
293 2021 454 2103 respiciat.
498 2020 578 2103 Tres
605 2021 701 2104 igitur
723 2014 883 2101 notiones,
907 2021 1021 2086 localis
1050 2021 1304 2086 instrumentalis

172 2123 327 2202 ablativa,
364 2124 495 2188 ablativi
532 2142 652 2206 genera
686 2126 839 2189 tractanti
876 2125 1045 2207 diligenter
1071 2124 1304 2190 discernendae

173 2232 259 2291 sunt.
303 2228 415 2309 Neque
443 2234 553 2292 tamen
582 2228 757 2310 unicuique
779 2228 912 2293 ablativi
934 2229 1043 2310 generi
1068 2227 1171 2310 qualis
1193 2228 1242 2291 vis
1264 2246 1305 2292 ac

174 2328 369 2411 significatio
398 2329 502 2394 subsit
528 2349 587 2413 pro
616 2337 705 2395 certo
735 2331 907 2396 ostendere
935 2350 1117 2414 possumus,
1142 2349 1216 2394 cum
1238 2336 1305 2394 tres

173 2432 215 2495 illi
239 2451 336 2496 casus
358 2433 442 2497 inter
464 2451 500 2497 se
522 2431 648 2498 finitimi
671 2434 734 2497 sint
757 2434 1012 2517 saepissimeque
1034 2433 1168 2498 conlusi.
1214 2432 1305 2512 Quae

173 2554 248 2599 cum
271 2537 317 2600 it'a
339 2535 412 2612 sint,
438 2543 595 2622 quantum
605 2535 736 2620 potero,
753 2536 887 2600 ablativi
904 2536 990 2618 apud
1008 2537 1191 2601 Lucretium
1208 2554 1301 2599 usum

173 2637 218 2702 ita
240 2637 400 2718 tractabo,
430 2645 465 2702 ut
494 2640 633 2722 primum
661 2658 718 2703 eos
748 2638 894 2703 adieram
922 2639 1091 2718 ablativos,
1122 2639 1156 2702 in
1186 2637 1302 2720 quibus

172 2739 287 2804 localis
309 2740 399 2805 notio
423 2741 501 2804 mihi
526 2741 672 2828 videatur
698 2742 815 2830 inesse,
839 2741 955 2807 deinde
978 2741 1018 2807 de
1042 2743 1080 2804 iis
1103 2760 1209 2823 agam,
1233 2741 1301 2822 qui-

172 2841 232 2906 bus
255 2844 509 2909 instrumentalis
532 2843 723 2926 significatio
747 2832 942 2909 vindicanda
965 2846 1014 2918 sit,
1039 2852 1107 2908 tum
1130 2845 1160 2907 vi
1175 2844 1304 2926 proprie

172 2945 316 3010 ablativa
338 2953 728 3029 usurpatosproponam.

598 3151 639 3224 Ἰ.
694 3153 872 3230 Localis.
940 3162 943 3166 ’

267 3265 369 3392 §17ss
412 3308 462 3397 lle
485 3309 520 3374 vi
541 3311 576 3375 et
598 3327 662 3375 usu
680 3309 807 3377 localis
828 3269 986 3376 universe
1008 3309 1220 3393 disputatur.

277 3425 319 3504 ln¹
343 3425 460 3507 linguis
488 3428 760 3509 indogcrmanicis
788 3434 915 3492 certum
933 3435 1075 3497 ,constat
1104 3427 1199 3491 locali
1227 3445 1306 3490 casu

172 3531 242 3596 sive
263 3529 405 3594 locativo
435 3531 490 3612 qui
518 3530 697 3612 appellatur
718 3531 882 3611 ,designari
896 3531 1023 3607 locum,
1046 3530 1130 3593 intra
1154 3530 1246 3594 cuius
1268 3528 1305 3591 fi-

173 3651 231 3710 ues
253 3632 374 3715 aliquid
402 3634 455 3714 agi
482 3633 606 3697 dicitur.
651 3634 722 3712 Quo
750 3633 871 3711 factum
895 3640 954 3712 est,
978 3640 1013 3696 ut
1035 3632 1087 3696 hic
1111 3650 1207 3696 casus
1230 3650 1304 3695 cum

173 3736 214 3801 ad
230 3736 345 3801 locum
368 3735 422 3799 ubi
446 3736 567 3818 aliquid
579 3743 684 3814 esset,
708 3744 776 3800 tum
799 3736 841 3801 ad
857 3742 985 3817 tempus
1002 3734 1133 3816 quando
1149 3734 1235 3798 actio
1248 3732 1303 3797 fie-

176 3846 225 3915 ret
246 3838 457 3903 indicandum
481 3840 611 3922 proprie
632 3845 849 3921 usurparetur.
895 3839 975 3905 Tum
998 3857 1059 3913 usu
1082 3837 1179 3913 venit,
1203 3836 1305 3903 utin-

175 3942 301 4007 lerdum
325 3960 389 4024 quo
417 3960 469 4007 res
498 3943 628 4009 actione
658 3942 748 4007 verbi
772 3943 813 4007 ad
837 3942 933 4006 linem
956 3940 1100 4022 perlecta
1122 3938 1305 4022 perveniret

175 4044 269 4110 locali
292 4043 399 4108 verbis
422 4045 785 4121 motumindicantibus
805 4045 954 4126 apposito
972 4043 1214 4126 exprimeretur,
1231 4059 1304 4104 cum

174 4155 279 4213 status
301 4146 406 4211 finalis
430 4148 558 4213 actione
582 4147 828 4213 verbi-allectus
852 4165 957 4229 neque
981 4153 1088 4210 motus
1111 4145 1180 4228 ipse
1203 4144 1305 4223 respi-

173 4259 306 4317 ceretur.
351 4249 472 4314 Verum
495 4251 527 4313 in
551 4251 659 4332 lingua
683 4252 783 4315 latina
805 4249 1015 4326 cumlocalis
1042 4253 1174 4332 propter
1197 4247 1304 4323 ‚exitus
