2964 4890
199 230 221 291 4

156 417 282 499 plurimi
316 401 624 510 grammaticonun
635 398 690 496 qui
724 435 810 480 nunc
847 424 922 481 sunt
909 419 1024 482 talios
1047 437 1143 483 casus
1165 420 1288 484 locales

158 519 265 598 tuisse,
300 519 396 610 alios,
407 516 642 599 grammaticos
677 537 758 599 quos
789 527 909 583 vocant
896 521 990 584 tsibi
1014 539 1204 601 persuasum
1228 523 1288 585 ha-

156 622 243 725 bent.
288 623 354 706 Sed
371 598 515 703 longum
551 628 598 685 est
626 628 697 685 sent
699 629 753 685 ent
755 623 802 686 ias
836 624 1039 703 perscrutari
1064 643 1145 706 quas
1168 625 1208 688 de
1232 644 1287 689 ca·

91 710 256 815 .;''s⁰uu1p.
286 725 518 806 significatione
545 732 618 806 prot
606 725 747 788 ttulerun
735 726 828 788 tviri
851 726 1036 806 doctissimi,
1062 747 1137 791 cum
1159 735 1285 792 tantum

95 806 239 892 Timor
272 847 307 891 se
342 827 539 905 differente
521 834 690 908 etpostea
712 827 752 891 de
775 829 1027 911 uniuscuiusque
1052 849 1147 894 casus
1170 839 1288 895 natura

9 912 18 927 ’
8 865 91 954 Ἣ·
156 932 233 1014 quid
266 932 334 1011 ipse
368 930 506 993 sentiam
539 927 609 992 sose
641 930 802 1010 explicare
836 930 990 994 conabor.
1036 931 1142 1010 Quare
1174 934 1287 1014 paucis

156 1051 318 1115 exponere
340 1031 487 1110 sufficiat,
511 1032 555 1095 de
578 1049 736 1095 casuum
758 1033 915 1115 syntaxi
937 1034 1169 1099 Lucretiana
1185 1036 1286 1100 disse-

156 1155 232 1201 rens
257 1154 321 1217 qua
343 1136 469 1198 ratione
491 1153 570 1198 usus
593 1135 663 1198 sim.

259 1237 400 1301 Primum
426 1237 502 1299 mihi
524 1237 671 1317 persuasi
693 1255 830 1300 casuum
852 1238 1024 1302 latinorum
1049 1241 1208 1322 syntaxim
1226 1242 1286 1305 nisi

157 1339 286 1404 casibus
313 1340 491 1420 linguarum
509 1347 720 1420 cognatarum
734 1342 931 1422 comparatis
943 1333 1079 1423 perspici
1102 1361 1169 1406 non
1180 1362 1286 1425 posse.

158 1443 229 1522 Qua
250 1443 290 1506 de
314 1460 413 1506 causa
435 1443 467 1505 in
490 1442 594 1506 libello
619 1442 819 1507 conficiendo
843 1450 1000 1525 quantum
1023 1446 1113 1525 potui
1125 1446 1284 1527 syntaxim

157 1546 411 1626 comparativam
445 1545 479 1608 B.
512 1544 756 1609 Delbrueckii
798 1547 953 1621 consului,
978 1566 1176 1628 quamquam
1199 1549 1287 1613 haud

49 1719 53 1724 ,
156 1650 269 1730 paucis
304 1650 382 1713 locis
408 1668 429 1713 a
456 1650 525 1712 viro
555 1650 607 1713 illo
638 1650 825 1714 doctissimo
856 1651 1024 1714 dissentire
1047 1658 1182 1716 coactus
1205 1672 1287 1716 sum.

156 1752 268 1833 Neque
299 1752 571 1832 praetereundum
594 1758 644 1816 est
666 1770 718 1816 me
741 1753 921 1833 linguarum
944 1753 1189 1834 senno-ugricae
1212 1755 1286 1818 stir-

157 1856 205 1936 pis
228 1856 410 1935 cognitione
427 1856 567 1919 maxime
586 1856 731 1919 adiutum
743 1874 824 1933 esse,
839 1875 913 1920 cum
925 1874 984 1920 eae
999 1857 1126 1935 linguae
1138 1856 1287 1937 -inpri-

157 1959 218 2021 mis
250 1957 378 2022 sennica
411 1959 519 2039 lingua
547 1997 598 2038 -,
623 1977 688 2041 qua
714 1966 789 2022 sunt
817 1977 950 2022 casuum
985 1958 1132 2023 ubertate
1162 1965 1194 2022 et
1221 1958 1287 2023 ior-

159 2079 285 2124 marum
307 2061 552 2142 compositione,
576 2063 709 2125 omnino
721 2062 763 2124 ad
775 2080 910 2125 casuum
923 2067 1073 2125 naturam
1086 2069 1118 2124 et
1130 2061 1287 2141 originem

157 2170 245 2228 recte
266 2165 524 2245 perspiciendam
546 2183 611 2227 non
635 2164 711 2227 nihil
734 2164 863 2228 valeant
875 2163 909 2246 ¹).
944 2163 1066 2228 Deinde
1085 2183 1182 2228 casus
1193 2164 1286 2227 indo-

157 2267 370 2347 germanicos
395 2285 469 2329 cum
491 2267 581 2330 initio
605 2265 699 2330 locali
721 2265 955 2347 significatione
977 2267 1122 2347 usurpati
1134 2267 1207 2345 sint,
1222 2286 1286 2349 quo

156 2368 258 2448 magis
292 2368 419 2432 exculta
451 2374 484 2432 et
517 2368 675 2450 perpolita
710 2375 759 2432 est
780 2369 900 2448 lingua,
924 2387 963 2432 eo
987 2369 1116 2449 saepius
1138 2369 1234 2432 locali
1256 2371 1287 2432 vi

156 2479 188 2534 et
222 2470 454 2552 significatione
489 2470 653 2535 debilitata
686 2477 718 2534 et
744 2472 864 2534 amissa
886 2471 928 2534 ad
950 2472 1100 2535 notiones
1122 2489 1286 2551 gramma—

155 2575 237 2638 ticas
266 2574 491 2655 exprimendas
521 2574 683 2638 adhibitos
707 2592 778 2638 esse
802 2575 880 2638 satis
902 2592 1061 2655 apparere
1083 2575 1232 2639 existimo
1249 2575 1286 2659 ²).

156 2677 254 2740 His
246 2678 340 2757 igitur
374 2676 471 2740 rebus
494 2683 677 2741 commotus
701 2696 797 2741 casus
819 2677 946 2758 linguae
969 2677 1087 2741 latinae
1110 2684 1167 2741 ant
1168 2678 1248 2759 iquit
1249 2697 1288 2740 us

155 2781 201 2843 ita
234 2787 368 2860 usurpat
370 2798 407 2843 os
441 2798 513 2844 esse
546 2786 604 2861 put
591 2779 767 2858 t‚uabam
768 2780 1033 2843 tnominativus
1063 2786 1095 2843 et
1117 2781 1287 2844 vocativus

157 2901 226 2946 rem
249 2889 318 2946 tent
320 2903 374 2946 um
398 2883 495 2946 modo
511 2883 717 2946 nominarent
728 2883 763 2967 ³,)
780 2884 946 2947 accusatu
950 2903 986 2946 us
1003 2888 1035 2947 et
1046 2883 1172 2946 dativus
1188 2882 1286 2947 finem

156 2992 265 3050 motus
295 2987 484 3060 indicarent,
508 2986 618 3050 localis
641 2992 672 3049 et
695 2987 949 3050 instrumentalis
972 2987 1064 3069 quasi
1088 2992 1210 3051 tactum
1236 2986 1287 3050 vel

261 3259 281 3325 ¹)
308 3258 366 3310 Huc
393 3258 506 3326 accedit,
535 3258 608 3324 qnod
633 3258 725 3324 lingna
744 3258 852 3311 sennica
870 3260 897 3310 in
917 3259 1024 3311 casibus
1042 3257 1206 3312 adhibendis
1226 3276 1286 3311 cum

157 3343 244 3396 latina
262 3343 355 3410 lingua
372 3345 470 3395 mirum
489 3344 516 3394 in
534 3343 644 3395 modum
663 3345 797 3411 congruit,
818 3344 844 3395 id
864 3343 935 3410 qnod
953 3350 1049 3410 postea
1068 3343 1217 3397 ostendam.

260 3447 280 3512 ²)
312 3446 353 3497 De
383 3446 491 3498 casibus
521 3445 747 3512 indogermanicis
777 3445 813 3498 M.
842 3445 1024 3498 Brealinm
1057 3447 1084 3497 in
1115 3445 1287 3511 ephemeride

157 3530 308 3584 Journal
336 3531 396 3582 dea
423 3530 574 3583 Soranos
593 3545 617 3582 a.
639 3530 705 3580 1894
722 3546 766 3597 pp.
784 3531 929 3597 tte-460,
949 3546 972 3582 a.
996 3530 1059 3581 1895
1077 3546 1122 3596 pp.
1141 3532 1285 3592 ‘its-288,

156 3617 301 3683 451-171,
328 3616 465 3667 oua-620
492 3616 576 3668 libros
603 3615 817 3682 C.Br11gmunni
836 3624 862 3667 et
883 3616 911 3667 B.
930 3615 1106 3667 Delbrueckii
1125 3630 1286 3683 percensens

158 3702 250 3755 eodem
278 3702 358 3754 modo
387 3701 557 3769 iudicavisse,
585 3707 667 3767 atquc
694 3700 817 3768 equidem
845 3701 971 3768 cogitavi,
999 3700 1153 3767 nuperrime
1180 3716 1286 3754 summo

158 3788 257 3856 gaudio
277 3787 342 3840 vidi.

261 3890 308 3942 Cir
334 3890 467 3942 Ziemer
493 3889 546 3942 Str.
575 3906 600 3956 p.
624 3891 669 3941 to:
696 3890 733 3941 So
759 3888 826 3941 lasst
854 3889 912 3940 sich
932 3888 975 3941 die
994 3889 1106 3941 Genesis
1125 3890 1173 3941 der
1192 3889 1287 3942 Casus-

158 3977 316 4029 Strncturen
336 3977 385 4027 ans
402 3975 551 4028 ritumliche
570 3975 788 4043 Anschanungen
800 4013 925 4029 ........
936 3973 1148 4026 zuriickfiihren.

260 4079 280 4144 ³)
306 4078 480 4130 Nominativo
507 4088 535 4129 et
562 4078 685 4130 vocativo
712 4093 774 4130 sero
801 4076 908 4129 demum
936 4076 1050 4128 sormam
1074 4092 1090 4127 a
1110 4077 1195 4142 stirpe
1213 4077 1287 4129 vocis

159 4161 327 4215 differentem
347 4163 460 4215 inditam
480 4178 539 4216 esse
558 4177 590 4214 ex
609 4177 719 4214 casuum
739 4167 837 4215 natura
856 4163 911 4215 veri
931 4163 1018 4214 simile
1036 4168 1085 4214 est.
