2964 4890
1216 335 1258 398 29

173 540 282 619 Atque
314 537 386 603 ideo
422 541 524 602 totum
559 535 681 601 circum
707 541 842 600 tremere
865 535 999 600 aethera
1022 534 1164 620 siparis
1185 540 1300 620 [expo-

173 642 298 724 nunt];
320 642 349 706 V
371 641 434 706 298
469 638 561 718 an'n
595 638 694 703 edom
727 643 894 703 nocturno
924 672 952 686 ··
981 637 1131 702 Lurrn'nn
1241 644 1301 704 tre-

174 764 262 809 mere
284 742 461 827 aquibus
484 742 625 822 instant,
652 741 707 805 ubi
729 740 886 806 Meissner
907 761 937 823 p.
960 742 1001 804 24
1024 740 1201 805 ablativum
1223 762 1302 807 cau-

175 866 233 913 sae
255 847 376 926 statuit,
410 846 471 910 nisi
495 848 631 909 trenrere
660 843 702 909 ad
725 843 965 907 similitudinem
988 843 1170 923 verborum,
1195 846 1302 927 qualia

175 956 251 1014 suut
266 949 387 1030 pluere
408 948 542 1028 sudore,
566 966 641 1011 cum
675 947 816 1010 ablativo
839 947 1043 1011 instrumenti
1065 947 1206 1027 positum
1230 966 1303 1013 esse

176 1060 337 1136 putamus.

486 1221 584 1307 §22-
628 1222 815 1292 ablativus
837 1223 997 1291 modalis.

347 1374 370 1426 1.
406 1373 450 1426 De
469 1372 587 1442 oriqine
606 1374 700 1441 atque
718 1374 832 1426 natura
850 1372 980 1426 ablativi
997 1372 1138 1426 modalis.

283 1494 365 1560 Cum
388 1494 531 1558 ablativo
554 1495 713 1559 sociativo
737 1495 763 1557 is
779 1477 849 1558 arte
865 1494 1019 1559 cohaeret
1033 1494 1193 1559 ablativus
1210 1515 1304 1579 quem

178 1597 380 1663 medalem
404 1597 538 1679 appelle.
583 1597 684 1661 Huius
707 1595 838 1660 ablativi
862 1597 925 1660 duo
949 1615 1069 1677 genera
1093 1598 1233 1661 discerni
1256 1618 1306 1663 so-

179 1703 254 1779 lent,
279 1718 417 1782 quorum
450 1700 530 1764 alter
554 1698 767 1763 ablativus
790 1699 1029 1777 comitatus,
1055 1701 1135 1765 alter
1157 1700 1306 1765 ablati·

178 1823 254 1868 vus
278 1802 387 1867 modi
416 1802 510 1884 vulgo
534 1787 961 1884 nominatur.'Quamquam
985 1802 1065 1866 fines
1088 1803 1306 1868 borumabla-

179 1908 318 1971 livorum
342 1923 441 1988 saepe
464 1907 509 1969 ita
532 1905 780 1986 contunduntur,
804 1911 840 1968 ut
862 1925 1096 1988 nonnunquam
1120 1907 1181 1970 utri
1197 1909 1306 1988 generi

179 2008 339 2073 ablativus
362 2008 498 2073 modalis
521 2007 762 2089 subiungendus
785 2010 825 2072 sit
849 2008 990 2072 incertus
1012 2009 1157 2074 haereas.

531 2161 559 2214 2.
595 2160 758 2215 Ablativus
778 2161 955 2215 comitatus.

284 2280 452 2346 Ablativus
474 2282 648 2346 comitatus
677 2282 731 2364 qui
754 2283 933 2364 appellatur
957 2301 1018 2362 reS,
1043 2301 1127 2365 quae
1149 2283 1308 2348 extrinse-

182 2405 239 2450 cus
274 2385 391 2449 allatae
424 2385 587 2448 actionem
620 2385 671 2449 vel
705 2390 825 2448 statum
861 2386 954 2467 quasi
978 2386 1124 2450 comitari
1150 2386 1308 2464 dicuntur,

182 2487 339 2570 exprimit.
384 2486 489 2569 Atque
523 2488 706 2552 huiusmodi
738 2488 870 2552 ablativi
893 2489 925 2552 in
948 2507 1047 2569 prosa
1081 2489 1228 2553 oratione
1251 2488 1308 2552 ad-

181 2591 299 2656 iectivo
322 2595 379 2654 aut
399 2590 593 2654 substantivi
615 2592 765 2672 genetivo
778 2590 980 2670 definiuntur,
1001 2593 1085 2671 apud
1102 2597 1216 2672 poetas
1233 2609 1310 2656 vcro

180 2693 342 2759 interdum
376 2694 446 2758 sine
479 2694 542 2758 ulla
578 2695 846 2760 determinatione
883 2698 1054 2775 ponuntur.
1108 2693 1190 2756 Nam
1224 2695 1309 2776 apud

181 2798 322 2879 optimos
366 2797 557 2879 scriptores¹
588 2796 738 2862 ablativis
771 2797 946 2861 comitatus
980 2795 1168 2859 attributiva
1205 2797 1311 2861 deter-

182 2899 362 2964 minatione
383 2898 553 2980 egentibus
577 2899 642 2964 fere
665 2917 804 2983 semper,
829 2898 1050 2962 additamento
1072 2897 1210 2962 definitis
1224 2900 1311 2962 haud

181 3022 257 3068 raro
280 3001 466 3083 adiungitur
487 3003 685 3085 praepositio
708 3023 791 3065 cunr.
836 3001 907 3080 Qua
923 3002 955 3064 in
971 3019 1007 3064 re
1019 3001 1184 3065 Lucretius
1201 3021 1312 3084 quam·

182 3124 281 3189 quam
316 3105 411 3169 hanc¹
437 3124 585 3170 normam
621 3107 755 3171 omniuo
784 3107 938 3187 sequitur,
963 3104 1235 3185 praepositionem
1260 3112 1310 3168 ta-

182 3227 258 3274 men
287 3215 417 3291 praeter
449 3209 635 3290 opinionem
668 3208 812 3290 plurimis
845 3208 925 3272 locis
948 3208 1046 3284 addit,
1070 3207 1201 3289 saepius
1232 3226 1310 3272 vero

181 3329 315 3392 prorsus
348 3311 475 3374 omittit.
520 3311 580 3391 Qui
617 3311 701 3392 apud
736 3311 918 3375 Lucretium
952 3311 1159 3375 inveniuntur
1180 3308 1310 3374 ablativi

183 3414 357 3478 comitatus
379 3432 437 3478 eos
459 3413 542 3478 intra
565 3414 767 3479 examinabo.

286 3534 315 3580 a.
358 3515 501 3580 Primum
536 3518 569 3580 in
607 3518 747 3582 ablativo
782 3519 956 3582 comitatus
989 3523 1152 3599 ponuntur
1179 3518 1310 3581 nomina

183 3618 385 3684 substantiva
418 3639 502 3701 quae
535 3640 654 3702 corpus
687 3623 737 3685 vel
770 3622 913 3702 singulas
948 3621 1093 3703 eorporis
1120 3627 1228 3703 partes
1256 3639 1311 3685 ex-

184 3724 341 3805 primunt:

287 3827 406 3889 cervix.
450 3826 491 3890 Vl
515 3829 576 3890 744
601 3827 689 3906 qaod
798 3824 1002 3905 Praecipites
1025 3860 1031 3873 ·
1054 3824 1312 3890 corltrntmolli

186 3926 348 3991 ceruice
365 3926 530 4008 profusae
552 3926 599 3992 Ire
624 3933 755 3992 torvam.

287 4050 350 4094 eor.
395 4030 473 4094 144
494 4030 523 4094 V
545 4031 608 4094 882
631 4029 675 4093 Id
711 4029 784 4095 licet
805 4029 883 4094 lrr'nc
906 4030 1057 4109 quarraria
1081 4029 1219 4094 lrcbeti
1242 4051 1311 4113 cop·
1387 4073 1390 4079 ·

187 4151 317 4198 nostem
339 4133 469 4198 corde.
514 4133 716 4216 Praepositio
746 4154 819 4197 cram
844 4136 1029 4215 apponitur:
1055 4134 1096 4197 Vl
1121 4135 1202 4198 1233
1225 4133 1314 4213 quod

269 4234 437 4315 Deficiens
461 4235 572 4299 onim-o
595 4240 717 4301 maesto
741 4257 814 4301 cram
839 4237 934 4300 corde
956 4235 1092 4301 iacebat.
