2964 4890
194 850 350 976 Carmen
378 899 409 957 T.
432 896 588 956 Lucretii
611 893 703 967 Cari,
729 895 809 971 quod
832 896 873 955 de
897 916 1011 957 rerum
1034 907 1161 960 natura
1184 900 1320 959 inscribi-

189 1014 245 1078 tur,
276 1023 342 1062 cum
367 1003 425 1060 iam
449 1000 562 1077 aliquot
584 1004 651 1056 ante
675 999 761 1056 anuis
785 997 948 1058 admodum
972 1000 1126 1078 diligenter
1148 1004 1319 1062 examinare

191 1108 364 1185 coepissem,
399 1110 544 1183 quantum
577 1120 638 1159 non
673 1100 771 1159 solum
805 1098 946 1179 ⁴singulari
969 1123 1067 1164 rerum
1091 1107 1269 1183 proprietate
1292 1114 1320 1164 et

191 1212 331 1281 ubertate,
365 1226 468 1266 rerum
492 1206 580 1264 etiam
604 1204 713 1263 eximia
735 1205 801 1281 puri
825 1211 913 1283 atque
937 1207 1040 1284 integri
1063 1209 1181 1267 dicendi
1205 1209 1320 1286 generis

191 1318 341 1371 venustate
376 1308 533 1368 excelleret
565 1326 625 1365 non
657 1309 739 1384 potui
762 1326 822 1366 non
846 1310 988 1385 ignorare.
1033 1309 1131 1389 Atque
1154 1312 1233 1371 idem
1257 1312 1319 1370 ani·

192 1434 272 1473 mum
305 1412 415 1471 adverti
445 1431 536 1489 quam
559 1409 653 1468 multa
676 1410 756 1487 apud
779 1410 948 1469 Lucretium
972 1420 1130 1487 exstarent,
1155 1434 1241 1491 quae,
1265 1422 1320 1491 etsi

196 1518 232 1576 ab
255 1536 309 1575 usu
332 1522 360 1574 et
385 1514 484 1573 indole
506 1513 624 1590 linguae
645 1513 753 1572 latinae
769 1532 829 1572 non
847 1514 1048 1589 abhorrerent,
1066 1519 1195 1576 sermoni
1213 1536 1319 1576 aureae

194 1639 268 1697 quae
289 1625 410 1678 vocatur
433 1618 536 1676 aetatis
559 1618 737 1693 scriptorum
761 1616 945 1695 aliquantum
963 1618 1174 1696 discreparent.
1209 1620 1319 1678 Verum

194 1725 223 1781 in
254 1722 451 1781 locutionibus
485 1719 670 1797 explicandis
704 1719 750 1779 rel
781 1728 860 1779 recte
883 1721 1087 1797 intellegendis
1110 1724 1319 1799 grammaticos

196 1825 355 1885 consulenti
389 1824 468 1882 haud
502 1842 568 1882 raro
604 1823 720 1896 accidit,
755 1831 787 1881 ut
809 1824 916 1882 trustra
938 1832 1124 1898 reverterent,
1147 1844 1244 1902 neque
1268 1844 1314 1884 me

196 1929 264 2006 fugit
284 1929 313 1986 in
336 1924 543 2005 philosophica
566 1926 700 1985 doctrina
723 1927 849 1985 Lucretii
873 1928 971 2004 potius
994 1934 1127 1986 versatos
1151 1948 1216 1987 esse
1241 1929 1340 1987 viros

197 2032 378 2089 doctissimos
412 2050 502 2108 qrram
536 2031 682 2088 sermonis
717 2036 821 2106 poetae
855 2031 1084 2107 proprietatibus
1107 2031 1318 2109 investigandis

199 2135 396 2192 examinandis
420 2133 672 2210 enucleandisque
696 2152 817 2210 operam
841 2134 970 2206 dedisse,
994 2153 1177 2212 quamquam
1201 2135 1237 2193 acl
1257 2135 1317 2193 sin·

200 2236 278 2312 gulos
310 2237 427 2295 dicendi
460 2238 574 2313 generis
608 2256 681 2295 usus
709 2236 899 2296 illustrandos
923 2237 1092 2314 complures
1114 2257 1232 2297 summa
1254 2237 1319 2296 dili-

199 2340 290 2414 gentia
312 2346 399 2417 atque
422 2340 566 2398 industria
589 2339 682 2397 multa
705 2339 869 2398 contulisse
892 2340 1040 2399 ridebam.
1076 2340 1173 2412 Quare
1197 2359 1319 2400 accura-

198 2442 253 2499 tius
285 2450 314 2500 ut
343 2444 371 2500 in
406 2462 573 2501 sermonem
597 2443 723 2530 Lucretii
747 2444 926 2520 inquirerem
950 2463 1018 2502 eum
1042 2443 1187 2520 impulsus
1211 2464 1318 2516 essem,

200 2564 317 2604 casuum
349 2547 496 2624 syntaxim
529 2547 735 2605 Lucretianam
769 2547 836 2605 ideo
871 2547 943 2604 mihi
976 2546 1161 2605 tractandam
1189 2547 1318 2623 suscepi,

200 2649 275 2724 quod
308 2650 343 2708 ab
377 2649 433 2708 illis
468 2651 517 2727 qui
548 2650 585 2708 de
608 2669 734 2709 casuum
758 2650 836 2727 apud
860 2651 1030 2709 Lucretium
1053 2670 1109 2709 usu
1132 2651 1319 2727 disputarunt

200 2749 254 2809 alia
284 2753 328 2810 vel
360 2754 470 2812 omissa
502 2753 549 2812 rel
576 2772 635 2812 non
659 2755 731 2812 satis
754 2753 919 2813 luculenter
941 2753 1108 2831 explanata,
1133 2753 1190 2812 alia
1213 2772 1317 2830 parum

200 2860 273 2912 recte
294 2855 437 2932 explicata
460 2863 488 2915 et
510 2863 666 2933 perspecta
689 2876 750 2915 non
773 2863 907 2934 poteram
930 2875 991 2915 non
1015 2856 1259 2916 animadvertere.

297 2957 389 3035 Atque
413 2959 529 3018 illorum
553 2961 603 3037 qui
627 2961 655 3018 in
680 2962 796 3039 syntaxi
819 2961 996 3020 Lucretiana
1018 2960 1244 3019 elaboraverunt
1266 2978 1318 3018 ne-

202 3076 279 3116 ccsse
307 3067 349 3118 est
371 3063 498 3138 primum
522 3082 792 3123 commemoremus
815 3064 865 3122 Fr.
891 3063 1102 3123 Guilelmum
1126 3063 1316 3134 Holtzium,

202 3180 283 3237 quem
316 3163 389 3224 libro
420 3185 484 3239 suo,
516 3168 566 3244 qui
589 3166 757 3245 Syntaxis
780 3169 1015 3227 Lucretianae
1038 3168 1251 3226 lineamenta
1274 3167 1318 3224 in-

201 3266 339 3339 scribitur,
362 3270 496 3345 quamvis
518 3271 611 3331 multa
633 3291 693 3330 non
717 3273 781 3331 sine
804 3273 955 3350 diligentia
978 3273 1098 3349 copiose
1121 3269 1317 3341 illustraverit,

201 3385 319 3427 casuunr
340 3371 489 3432 doctrinae
511 3374 540 3432 in
564 3375 708 3452 exemplis
732 3376 927 3454 disponendis
951 3375 1120 3436 adserendis
1133 3371 1318 3450 explicandis

200 3471 325 3530 nondum
359 3476 538 3536 satisfecisse
571 3497 631 3537 non
654 3479 758 3540 dubito
782 3482 853 3559 quin
878 3500 983 3540 omnes
1011 3478 1185 3539 concedant.
1232 3474 1316 3545 Cuiu,

201 3592 265 3631 cum
287 3594 373 3653 opera
394 3579 568 3659 plerumque
590 3584 751 3644 niterentur
772 3585 821 3645 alii
844 3592 1102 3655 commentatores,
1125 3583 1236 3641 factum
1259 3586 1318 3637 ests

201 3684 239 3750 ut,
269 3680 293 3736 si
325 3701 399 3758 quae
432 3704 539 3745 manca
569 3694 597 3746 et
620 3690 766 3750 mendosa
788 3692 825 3751 ab
849 3711 884 3751 eo
908 3691 1023 3770 prolata
1046 3692 1154 3760 essent,
1178 3704 1213 3743 ea
1235 3683 1318 3742 dein-

201 3798 268 3857 ceps
288 3783 327 3842 ita
347 3802 364 3844 a
386 3790 490 3848 ceteris
511 3791 694 3854 iterarentur.
740 3796 853 3857 Deinde
876 3805 908 3857 ut
932 3782 1100 3873 complures
1124 3790 1256 3851 omittam
1280 3787 1317 3846 dc

202 3882 304 3957 quibus
336 3896 437 3965 postea
469 3896 650 3955 mentionem
684 3900 801 3975 faciani,
837 3920 933 3979 nuper
967 3900 1116 3960 loannes
1145 3894 1318 3954 Meissner

201 3982 396 4052 dissertatione
429 3995 663 4068 Quaestiones
698 4003 739 4062 ad
774 4025 874 4064 usum
909 4024 1055 4065 casuum
1090 3999 1315 4075 obliquorum
