2964 4890
1256 227 1278 293 5

194 410 456 475 coniunctionem
492 412 717 494 significarent,
751 413 910 477 ablativus
943 420 974 478 et
1007 416 1174 494 genetivus
1194 415 1318 478 initium

194 518 302 575 motus
336 515 560 594 exprimerent,
592 517 624 578 id
654 516 741 596 quod
762 515 846 580 inira
867 515 977 580 tabula
999 516 1158 581 illustrare
1182 525 1319 582 conatus

193 634 263 678 sum
279 615 311 699 ¹).

491 761 742 840 1llnntnutiuu
755 764 963 839 strattona.

716 893 782 947 qum

820 1945 888 2012 gui!
1083 1940 1146 1990 ult?

291 2102 361 2181 Qua
384 2103 512 2185 quidem
535 2103 646 2168 tabula
668 2123 733 2187 quo
757 2105 854 2168 modo
878 2123 973 2169 casus
996 2105 1122 2186 linguae
1143 2105 1262 2169 latinae
1282 2109 1313 2166 et

185 2203 362 2269 formarum
398 2211 430 2270 et
458 2206 626 2270 notionum
650 2207 853 2271 similitudine
875 2207 959 2271 inter
981 2226 1016 2271 se
1039 2209 1236 2272 cohaereant
1258 2206 1312 2269 ali-

185 2326 251 2387 qua
284 2308 398 2372 saltem
433 2314 586 2388 exparte
620 2328 715 2390 spero
749 2308 817 2373 fore
846 2317 880 2372 ut
903 2317 1067 2391 appareat.
1111 2310 1193 2374 Nam
1217 2328 1313 2373 casus

185 2429 224 2473 ex
257 2410 347 2474 initio
381 2411 412 2473 vi
437 2418 469 2474 et
490 2411 597 2475 indole
620 2411 733 2475 attines
756 2411 848 2476 facile
872 2411 1025 2476 confundi
1047 2431 1143 2493 posse
1166 2412 1242 2475 nihil
1265 2417 1314 2475 est

185 2531 244 2576 our
266 2514 420 2576 miremur
437 2513 473 2594 ²).
517 2513 623 2594 Atque
646 2515 793 2596 primitus
820 2516 1041 2578 accusativum
1063 2515 1200 2579 localem
1223 2513 1313 2578 abla-

184 2615 286 2678 tivum
309 2616 351 2678 ad
372 2616 493 2679 locales
515 2617 688 2680 relationes
711 2616 900 2681 indicandas
923 2618 1074 2698 aptiores,
1098 2617 1239 2680 dativum
1264 2617 1314 2679 in-

185 2718 429 2781 strumentalem
464 2719 648 2798 genetivum
683 2757 726 2764 -
759 2737 841 2800 quos
863 2719 947 2784 intra
969 2720 1070 2783 lineas
1094 2719 1250 2783 collocavi
1274 2755 1310 2764 —

184 2820 225 2884 ad
260 2821 411 2886 notiones
444 2839 542 2885 sensu
576 2823 767 2886 remotiores
800 2822 903 2902 magis
925 2823 1193 2886 accommodatos
1215 2819 1313 2883 fuisse

185 2923 235 2987 vel
259 2922 333 2987 inde
361 2925 510 2988 concludi
533 2931 650 3005 potest,
675 2925 762 3007 quod
784 2925 826 2988 illi
849 2943 945 2989 casus
968 2944 1042 2988 cum
1065 2923 1313 3006 praepositioni-

183 3025 244 3090 bus
279 3026 430 3108 coniungi
464 3028 579 3103 solent,
613 3029 646 3091 hi
674 3029 949 3110 praepositionum
972 3047 1067 3091 usum
1090 3025 1156 3090 iere
1180 3025 1312 3090 omnino

184 3135 349 3208 respuunt.

286 3368 306 3430 ¹)
334 3365 381 3418 on
410 3365 548 3420 Deecke
579 3367 611 3420 E.
639 3383 665 3433 p.
692 3368 742 3418 328
761 3369 777 3436 ξ
796 3367 859 3419 248ι
886 3368 929 3420 An
949 3367 997 3420 der
1015 3365 1205 3433 ursprtinglich
1224 3369 1312 3416 ratum-

184 3451 273 3504 lichen
300 3450 462 3520 Bedeutung
485 3451 532 3505 des
552 3452 718 3519 Accusatus,
737 3453 865 3505 Ablativs
885 3453 940 3506 und
957 3452 1089 3505 Lokativs
1110 3451 1146 3502 im
1166 3450 1247 3503 Sinne
1266 3449 1313 3501 der

184 3536 376 3604 angegebenen
395 3534 452 3588 drei
470 3537 639 3590 rtumlichen
658 3537 850 3605 Hauptfragen
868 3538 969 3591 zvveifle
987 3538 1030 3590 ich
1048 3536 1132 3589 nicht.

285 3621 306 3688 ²)
331 3620 389 3673 Hoc
407 3621 466 3674 loco
485 3622 647 3675 mouendum
667 3623 754 3675 estin
773 3638 883 3674 casuum
902 3639 952 3675 usu
971 3638 1024 3675 non
1043 3622 1129 3675 solum
1149 3619 1311 3688 analogiam,

182 3723 235 3774 qua
255 3705 366 3758 vocibus
385 3714 518 3774 cognatae
536 3707 743 3775 significationis
761 3707 832 3760 idem
850 3708 999 3774 apponitur
1016 3722 1103 3773 casus,
1122 3706 1237 3758 maximi
1254 3719 1312 3757 esse

181 3791 320 3857 momenti,
347 3807 439 3844 verum
467 3793 550 3844 otiam
577 3808 673 3845 vocum
700 3792 881 3845 differentiam
900 3809 953 3845 non
972 3793 1041 3844 nihil
1059 3791 1157 3857 valere,
1177 3790 1222 3843 ubi
1241 3791 1312 3842 vooi-

182 3877 232 3929 bus
251 3875 451 3944 significatione
469 3878 540 3930 inter
558 3892 587 3930 se
605 3879 749 3931 contrariis
767 3893 846 3931 casus
864 3878 934 3931 idem
953 3877 1120 3946 adiungitur.
