<?xml version="1.0" encoding="UTF-8"?>
<!DOCTYPE html PUBLIC "-//W3C//DTD XHTML 1.0 Transitional//EN"
    "http://www.w3.org/TR/xhtml1/DTD/xhtml1-transitional.dtd">
<html xmlns="http://www.w3.org/1999/xhtml" xml:lang="en" lang="en">
 <head>
  <title>
</title>
<meta http-equiv="Content-Type" content="text/html;charset=utf-8" />
  <meta name='ocr-system' content='tesseract 3.04.00' />
  <meta name='ocr-capabilities' content='ocr_page ocr_carea ocr_par ocr_line ocrx_word'/>
</head>
<body>
  <div class='ocr_page' id='page_1' title='image "./decasvvmsyntaxi00hidgoog_0074.png"; bbox 0 0 2964 4890; ppageno 0'>
   <div class='ocr_carea' id='block_1_1' title="bbox 1223 244 1262 308">
    <p class='ocr_par' dir='ltr' id='par_1_1' title="bbox 1223 244 1262 308">
     <span class='ocr_line' id='line_1_1' title="bbox 1223 244 1262 308; baseline 0.026 -1"><span class='ocrx_word' id='word_1_1' title='bbox 1223 244 1262 308; x_wconf 78' lang='lat' dir='ltr'><em>ot</em></span> 
     </span>
    </p>
   </div>
   <div class='ocr_carea' id='block_1_2' title="bbox 166 433 1309 4217">
    <p class='ocr_par' dir='ltr' id='par_1_2' title="bbox 167 433 1308 1632">
     <span class='ocr_line' id='line_1_2' title="bbox 175 433 1307 516; baseline -0.002 -19"><span class='ocrx_word' id='word_1_2' title='bbox 175 433 366 497; x_wconf 85' lang='lat' dir='ltr'>accusativo</span> <span class='ocrx_word' id='word_1_3' title='bbox 400 434 545 498; x_wconf 81' lang='lat' dir='ltr'>neutrius</span> <span class='ocrx_word' id='word_1_4' title='bbox 576 434 702 516; x_wconf 83' lang='lat' dir='ltr'>generis</span> <span class='ocrx_word' id='word_1_5' title='bbox 725 433 894 515; x_wconf 82' lang='lat' dir='ltr'>singularis</span> <span class='ocrx_word' id='word_1_6' title='bbox 917 434 1042 498; x_wconf 90' lang='lat' dir='ltr'>numeri</span> <span class='ocrx_word' id='word_1_7' title='bbox 1066 433 1105 497; x_wconf 93' lang='lat' dir='ltr'><em>sit</em></span> <span class='ocrx_word' id='word_1_8' title='bbox 1128 433 1307 515; x_wconf 90' lang='lat' dir='ltr'>putandum</span> 
     </span>
     <span class='ocr_line' id='line_1_3' title="bbox 174 534 1308 619; baseline 0.001 -20"><span class='ocrx_word' id='word_1_9' title='bbox 174 536 356 618; x_wconf 79' lang='lat' dir='ltr'>ambigitur.</span> <span class='ocrx_word' id='word_1_10' title='bbox 400 537 513 619; x_wconf 84' lang='lat' dir='ltr'>Neque</span> <span class='ocrx_word' id='word_1_11' title='bbox 547 539 631 603; x_wconf 90' lang='lat' dir='ltr'>enim</span> <span class='ocrx_word' id='word_1_12' title='bbox 660 537 776 601; x_wconf 86' lang='lat' dir='ltr'>desunt</span> <span class='ocrx_word' id='word_1_13' title='bbox 799 538 852 619; x_wconf 88' lang='lat' dir='ltr'>qui</span> <span class='ocrx_word' id='word_1_14' title='bbox 875 543 1018 601; x_wconf 86' lang='lat' dir='ltr'>veterem</span> <span class='ocrx_word' id='word_1_15' title='bbox 1042 534 1217 600; x_wconf 85' lang='lat' dir='ltr'>ablativum</span> <span class='ocrx_word' id='word_1_16' title='bbox 1241 538 1308 600; x_wconf 89' lang='lat' dir='ltr'>sin-</span> 
     </span>
     <span class='ocr_line' id='line_1_4' title="bbox 174 637 1307 720; baseline 0 -18"><span class='ocrx_word' id='word_1_17' title='bbox 174 639 295 720; x_wconf 77' lang='lat' dir='ltr'>gularis</span> <span class='ocrx_word' id='word_1_18' title='bbox 329 640 454 704; x_wconf 89' lang='lat' dir='ltr'>numeri</span> <span class='ocrx_word' id='word_1_19' title='bbox 487 640 520 703; x_wconf 93' lang='lat' dir='ltr'>in</span> <span class='ocrx_word' id='word_1_20' title='bbox 549 640 599 703; x_wconf 89' lang='grc'><em>-00</em></span> <span class='ocrx_word' id='word_1_21' title='bbox 621 646 793 705; x_wconf 86' lang='lat' dir='ltr'>exeuntem</span> <span class='ocrx_word' id='word_1_22' title='bbox 818 641 862 703; x_wconf 87' lang='lat' dir='ltr'><em>lta</em></span> <span class='ocrx_word' id='word_1_23' title='bbox 885 658 957 704; x_wconf 86' lang='lat' dir='ltr'><em>oum</em></span> <span class='ocrx_word' id='word_1_24' title='bbox 982 639 1171 704; x_wconf 84' lang='lat' dir='ltr'>accusativo</span> <span class='ocrx_word' id='word_1_25' title='bbox 1194 637 1307 703; x_wconf 86' lang='lat' dir='ltr'>cousu-</span> 
     </span>
     <span class='ocr_line' id='line_1_5' title="bbox 174 743 1308 824; baseline 0 -18"><span class='ocrx_word' id='word_1_26' title='bbox 174 760 248 808; x_wconf 89' lang='lat' dir='ltr'><em>sam</em></span> <span class='ocrx_word' id='word_1_27' title='bbox 283 759 355 808; x_wconf 87' lang='lat' dir='ltr'>esse</span> <span class='ocrx_word' id='word_1_28' title='bbox 384 743 576 823; x_wconf 79' lang='lat' dir='ltr'>existiment,</span> <span class='ocrx_word' id='word_1_29' title='bbox 602 749 637 806; x_wconf 91' lang='lat' dir='ltr'><em>ut</em></span> <span class='ocrx_word' id='word_1_30' title='bbox 660 743 798 807; x_wconf 78' lang='lat' dir='ltr'>discerni</span> <span class='ocrx_word' id='word_1_31' title='bbox 821 745 873 807; x_wconf 94' lang='lat' dir='ltr'>vix</span> <span class='ocrx_word' id='word_1_32' title='bbox 897 749 1027 824; x_wconf 88' lang='lat' dir='ltr'>queant,</span> <span class='ocrx_word' id='word_1_33' title='bbox 1052 760 1137 824; x_wconf 87' lang='lat' dir='ltr'>quae</span> <span class='ocrx_word' id='word_1_34' title='bbox 1159 761 1211 807; x_wconf 88' lang='lat' dir='ltr'>res</span> <span class='ocrx_word' id='word_1_35' title='bbox 1234 743 1308 806; x_wconf 91' lang='lat' dir='ltr'>ideo</span> 
     </span>
     <span class='ocr_line' id='line_1_6' title="bbox 174 844 1307 928; baseline -0.003 -17"><span class='ocrx_word' id='word_1_36' title='bbox 174 845 418 928; x_wconf 86' lang='lat' dir='ltr'>comprobatur,</span> <span class='ocrx_word' id='word_1_37' title='bbox 453 846 540 927; x_wconf 85' lang='lat' dir='ltr'>quod</span> <span class='ocrx_word' id='word_1_38' title='bbox 574 846 661 910; x_wconf 87' lang='lat' dir='ltr'>haud</span> <span class='ocrx_word' id='word_1_39' title='bbox 687 864 762 911; x_wconf 91' lang='lat' dir='ltr'>raro</span> <span class='ocrx_word' id='word_1_40' title='bbox 785 844 852 927; x_wconf 87' lang='grc'><em>((00,</em></span> <span class='ocrx_word' id='word_1_41' title='bbox 876 846 963 928; x_wconf 85' lang='lat' dir='ltr'>quod</span> <span class='ocrx_word' id='word_1_42' title='bbox 985 845 1160 909; x_wconf 85' lang='lat' dir='ltr'>ablativum</span> <span class='ocrx_word' id='word_1_43' title='bbox 1185 845 1307 910; x_wconf 88' lang='lat' dir='ltr'>causali</span> 
     </span>
     <span class='ocr_line' id='line_1_7' title="bbox 174 948 1308 1030; baseline -0.002 -18"><span class='ocrx_word' id='word_1_44' title='bbox 174 950 205 1013; x_wconf 94' lang='lat' dir='ltr'>vi</span> <span class='ocrx_word' id='word_1_45' title='bbox 240 949 422 1030; x_wconf 88' lang='lat' dir='ltr'>praeditum</span> <span class='ocrx_word' id='word_1_46' title='bbox 455 965 528 1012; x_wconf 89' lang='lat' dir='ltr'>esse</span> <span class='ocrx_word' id='word_1_47' title='bbox 561 948 645 1012; x_wconf 90' lang='lat' dir='ltr'>inter</span> <span class='ocrx_word' id='word_1_48' title='bbox 679 966 794 1012; x_wconf 87' lang='lat' dir='ltr'>omnes</span> <span class='ocrx_word' id='word_1_49' title='bbox 828 955 966 1026; x_wconf 87' lang='lat' dir='ltr'>constat,</span> <span class='ocrx_word' id='word_1_50' title='bbox 1003 967 1068 1012; x_wconf 92' lang='lat' dir='ltr'><em>non</em></span> <span class='ocrx_word' id='word_1_51' title='bbox 1093 949 1193 1011; x_wconf 92' lang='lat' dir='ltr'>multo</span> <span class='ocrx_word' id='word_1_52' title='bbox 1216 948 1308 1012; x_wconf 89' lang='lat' dir='ltr'>aliter</span> 
     </span>
     <span class='ocr_line' id='line_1_8' title="bbox 174 1051 1307 1133; baseline -0.001 -18"><span class='ocrx_word' id='word_1_53' title='bbox 174 1057 275 1133; x_wconf 88' lang='lat' dir='ltr'>atque</span> <span class='ocrx_word' id='word_1_54' title='bbox 309 1051 398 1130; x_wconf 86' lang='grc'><em>0000(</em></span> <span class='ocrx_word' id='word_1_55' title='bbox 431 1056 620 1131; x_wconf 86' lang='lat' dir='ltr'>usurpatum</span> <span class='ocrx_word' id='word_1_56' title='bbox 657 1057 716 1130; x_wconf 88' lang='lat' dir='ltr'>est,</span> <span class='ocrx_word' id='word_1_57' title='bbox 751 1052 781 1116; x_wconf 93' lang='lat' dir='ltr'>id</span> <span class='ocrx_word' id='word_1_58' title='bbox 816 1052 902 1132; x_wconf 81' lang='lat' dir='ltr'>quod</span> <span class='ocrx_word' id='word_1_59' title='bbox 938 1051 1092 1132; x_wconf 89' lang='lat' dir='ltr'>exemplis</span> <span class='ocrx_word' id='word_1_60' title='bbox 1115 1069 1133 1115; x_wconf 90' lang='lat' dir='ltr'>e</span> <span class='ocrx_word' id='word_1_61' title='bbox 1156 1069 1307 1114; x_wconf 90' lang='lat' dir='ltr'>sermone</span> 
     </span>
     <span class='ocr_line' id='line_1_9' title="bbox 174 1153 1306 1233; baseline -0.001 -15"><span class='ocrx_word' id='word_1_62' title='bbox 174 1155 314 1218; x_wconf 85' lang='lat' dir='ltr'>Lucretii</span> <span class='ocrx_word' id='word_1_63' title='bbox 348 1153 451 1217; x_wconf 88' lang='lat' dir='ltr'>allatis</span> <span class='ocrx_word' id='word_1_64' title='bbox 485 1153 656 1218; x_wconf 85' lang='lat' dir='ltr'>ostendere</span> <span class='ocrx_word' id='word_1_65' title='bbox 691 1153 844 1218; x_wconf 84' lang='lat' dir='ltr'>conabor.</span> <span class='ocrx_word' id='word_1_66' title='bbox 890 1156 980 1233; x_wconf 79' lang='lat' dir='ltr'>Quae</span> <span class='ocrx_word' id='word_1_67' title='bbox 1004 1173 1077 1218; x_wconf 85' lang='lat' dir='ltr'>eum</span> <span class='ocrx_word' id='word_1_68' title='bbox 1101 1154 1142 1217; x_wconf 89' lang='lat' dir='ltr'><em>ita</em></span> <span class='ocrx_word' id='word_1_69' title='bbox 1169 1153 1242 1233; x_wconf 91' lang='lat' dir='ltr'>sint,</span> <span class='ocrx_word' id='word_1_70' title='bbox 1267 1154 1306 1217; x_wconf 91' lang='lat' dir='ltr'>de</span> 
     </span>
     <span class='ocr_line' id='line_1_10' title="bbox 174 1256 1306 1338; baseline -0.004 -15"><span class='ocrx_word' id='word_1_71' title='bbox 174 1257 351 1323; x_wconf 87' lang='lat' dir='ltr'>adverbiali</span> <span class='ocrx_word' id='word_1_72' title='bbox 373 1276 435 1321; x_wconf 94' lang='lat' dir='ltr'><em>usu</em></span> <span class='ocrx_word' id='word_1_73' title='bbox 457 1257 552 1321; x_wconf 84' lang='lat' dir='ltr'>huius</span> <span class='ocrx_word' id='word_1_74' title='bbox 575 1258 664 1321; x_wconf 85' lang='lat' dir='ltr'>vocis</span> <span class='ocrx_word' id='word_1_75' title='bbox 682 1256 742 1321; x_wconf 87' lang='lat' dir='ltr'><em>sub</em></span> <span class='ocrx_word' id='word_1_76' title='bbox 758 1256 898 1322; x_wconf 87' lang='lat' dir='ltr'>ablativo</span> <span class='ocrx_word' id='word_1_77' title='bbox 917 1275 1035 1322; x_wconf 79' lang='lat' dir='ltr'>causae</span> <span class='ocrx_word' id='word_1_78' title='bbox 1052 1256 1189 1338; x_wconf 87' lang='lat' dir='ltr'>amplius</span> <span class='ocrx_word' id='word_1_79' title='bbox 1203 1274 1306 1337; x_wconf 77' lang='lat' dir='ltr'>agam·</span> 
     </span>
     <span class='ocr_line' id='line_1_11' title="bbox 174 1359 1307 1441; baseline -0.008 -15"><span class='ocrx_word' id='word_1_80' title='bbox 174 1362 282 1427; x_wconf 90' lang='lat' dir='ltr'>Unum</span> <span class='ocrx_word' id='word_1_81' title='bbox 305 1360 368 1424; x_wconf 85' lang='lat' dir='ltr'>hoe</span> <span class='ocrx_word' id='word_1_82' title='bbox 391 1361 464 1424; x_wconf 85' lang='lat' dir='ltr'>loeo</span> <span class='ocrx_word' id='word_1_83' title='bbox 487 1359 669 1424; x_wconf 85' lang='lat' dir='ltr'>adscribam</span> <span class='ocrx_word' id='word_1_84' title='bbox 695 1360 890 1441; x_wconf 91' lang='lat' dir='ltr'>exemplum:</span> <span class='ocrx_word' id='word_1_85' title='bbox 915 1360 938 1423; x_wconf 95' lang='lat' dir='ltr'><em>ll</em></span> <span class='ocrx_word' id='word_1_86' title='bbox 962 1362 1024 1425; x_wconf 78' lang='lat'><em>248</em></span> <span class='ocrx_word' id='word_1_87' title='bbox 1049 1359 1151 1439; x_wconf 79' lang='lat' dir='ltr'>quod</span> <span class='ocrx_word' id='word_1_88' title='bbox 1174 1378 1307 1423; x_wconf 81' lang='grc'><em>00000000</em></span> 
     </span>
     <span class='ocr_line' id='line_1_12' title="bbox 167 1461 1307 1545; baseline -0.003 -18"><span class='ocrx_word' id='word_1_89' title='bbox 167 1463 290 1545; x_wconf 74' lang='lat' dir='ltr'>poesin,</span> <span class='ocrx_word' id='word_1_90' title='bbox 314 1462 369 1526; x_wconf 91' lang='lat' dir='ltr'>ubi</span> <span class='ocrx_word' id='word_1_91' title='bbox 391 1463 618 1528; x_wconf 85' lang='lat' dir='ltr'>Lachmannus</span> <span class='ocrx_word' id='word_1_92' title='bbox 641 1481 661 1525; x_wconf 89' lang='lat' dir='ltr'><em>a</em></span> <span class='ocrx_word' id='word_1_93' title='bbox 684 1461 770 1526; x_wconf 93' lang='lat' dir='ltr'>bono</span> <span class='ocrx_word' id='word_1_94' title='bbox 793 1463 968 1543; x_wconf 88' lang='lat' dir='ltr'>interprete</span> <span class='ocrx_word' id='word_1_95' title='bbox 991 1483 1055 1541; x_wconf 89' lang='grc'><em>0000</em></span> <span class='ocrx_word' id='word_1_96' title='bbox 1072 1462 1116 1525; x_wconf 90' lang='grc'><em>(00(</em></span> <span class='ocrx_word' id='word_1_97' title='bbox 1132 1462 1193 1526; x_wconf 86' lang='lat' dir='ltr'>dici</span> <span class='ocrx_word' id='word_1_98' title='bbox 1209 1479 1307 1542; x_wconf 90' lang='lat' dir='ltr'>opor-</span> 
     </span>
     <span class='ocr_line' id='line_1_13' title="bbox 174 1567 402 1632; baseline -0.014 -1"><span class='ocrx_word' id='word_1_99' title='bbox 174 1574 245 1632; x_wconf 87' lang='lat' dir='ltr'>tere</span> <span class='ocrx_word' id='word_1_100' title='bbox 269 1567 402 1630; x_wconf 91' lang='lat' dir='ltr'>monuit.</span> 
     </span>
    </p>

    <p class='ocr_par' dir='ltr' id='par_1_3' title="bbox 166 1665 1309 3995">
     <span class='ocr_line' id='line_1_14' title="bbox 279 1665 1295 1750; baseline -0.004 -17"><span class='ocrx_word' id='word_1_101' title='bbox 279 1672 362 1750; x_wconf 88' lang='lat' dir='ltr'>quid</span> <span class='ocrx_word' id='word_1_102' title='bbox 385 1669 473 1733; x_wconf 82' lang='lat'><strong>1153</strong></span> <span class='ocrx_word' id='word_1_103' title='bbox 498 1668 659 1747; x_wconf 81' lang='grc'><em>(20000000</em></span> <span class='ocrx_word' id='word_1_104' title='bbox 626 1667 704 1731; x_wconf 87' lang='grc'><em>0000(</em></span> <span class='ocrx_word' id='word_1_105' title='bbox 683 1668 758 1731; x_wconf 90' lang='grc'><em>((’000</em></span> <span class='ocrx_word' id='word_1_106' title='bbox 782 1667 938 1747; x_wconf 79' lang='grc'><em>000000(</em></span> <span class='ocrx_word' id='word_1_107' title='bbox 908 1668 988 1732; x_wconf 75' lang='grc'><em>((0(</em></span> <span class='ocrx_word' id='word_1_108' title='bbox 1012 1667 1057 1731; x_wconf 82' lang='grc'><em>000</em></span> <span class='ocrx_word' id='word_1_109' title='bbox 1044 1666 1227 1732; x_wconf 85' lang='grc'><em>00000000</em></span> <span class='ocrx_word' id='word_1_110' title='bbox 1215 1665 1295 1731; x_wconf 83' lang='grc'><em>000000(</em></span> 
     </span>
     <span class='ocr_line' id='line_1_15' title="bbox 166 1769 1309 1855; baseline -0.003 -21"><span class='ocrx_word' id='word_1_111' title='bbox 166 1771 341 1855; x_wconf 81' lang='grc'><em>00000000</em></span> <span class='ocrx_word' id='word_1_112' title='bbox 362 1773 426 1836; x_wconf 80' lang='grc'><em>925</em></span> <span class='ocrx_word' id='word_1_113' title='bbox 449 1769 543 1851; x_wconf 81' lang='grc'><em>0000(</em></span> <span class='ocrx_word' id='word_1_114' title='bbox 567 1792 648 1852; x_wconf 80' lang='lat' dir='ltr'>opus</span> <span class='ocrx_word' id='word_1_115' title='bbox 670 1770 829 1852; x_wconf 76' lang='grc'><em>0000000</em></span> <span class='ocrx_word' id='word_1_116' title='bbox 760 1771 848 1835; x_wconf 79' lang='lat' dir='ltr'>adut</span> <span class='ocrx_word' id='word_1_117' title='bbox 838 1770 964 1833; x_wconf 81' lang='grc'><em>((0000(</em></span> <span class='ocrx_word' id='word_1_118' title='bbox 952 1770 1139 1850; x_wconf 76' lang='grc'><em>0001)(</em></span> <span class='ocrx_word' id='word_1_119' title='bbox 1142 1769 1244 1834; x_wconf 86' lang='grc'><em>0000(</em></span> <span class='ocrx_word' id='word_1_120' title='bbox 1244 1771 1309 1832; x_wconf 67' lang='grc'><em>000</em></span> 
     </span>
     <span class='ocr_line' id='line_1_16' title="bbox 172 1871 1307 1955; baseline -0.003 -15"><span class='ocrx_word' id='word_1_121' title='bbox 172 1877 211 1940; x_wconf 92' lang='lat' dir='ltr'><em>lll</em></span> <span class='ocrx_word' id='word_1_122' title='bbox 241 1878 328 1942; x_wconf 86' lang='grc'><em>60</em></span> <span class='ocrx_word' id='word_1_123' title='bbox 292 1873 437 1955; x_wconf 81' lang='grc'><em>0000000</em></span> <span class='ocrx_word' id='word_1_124' title='bbox 435 1873 509 1938; x_wconf 85' lang='grc'><em>00000</em></span> <span class='ocrx_word' id='word_1_125' title='bbox 545 1874 725 1939; x_wconf 88' lang='grc'><em>(·00000000000</em></span> <span class='ocrx_word' id='word_1_126' title='bbox 756 1873 901 1938; x_wconf 64' lang='lat' dir='ltr'>landino</span> <span class='ocrx_word' id='word_1_127' title='bbox 886 1873 1081 1955; x_wconf 77' lang='grc'><em>00000000</em></span> <span class='ocrx_word' id='word_1_128' title='bbox 1113 1871 1307 1952; x_wconf 64' lang='lat' dir='ltr'>{ratpald</span> 
     </span>
     <span class='ocr_line' id='line_1_17' title="bbox 175 1973 1309 2059; baseline -0.003 -20"><span class='ocrx_word' id='word_1_129' title='bbox 175 1977 310 2042; x_wconf 79' lang='grc'><em>0000000000</em></span> <span class='ocrx_word' id='word_1_130' title='bbox 333 1976 471 2056; x_wconf 70' lang='grc'><em>0000·</em></span> <span class='ocrx_word' id='word_1_131' title='bbox 490 1975 734 2042; x_wconf 80' lang='grc' dir='ltr'><em>Εο000000000</em></span> <span class='ocrx_word' id='word_1_132' title='bbox 725 1980 774 2039; x_wconf 94' lang='grc'><em>0</em></span> <span class='ocrx_word' id='word_1_133' title='bbox 769 1976 945 2057; x_wconf 72' lang='grc'><em>’00000000</em></span> <span class='ocrx_word' id='word_1_134' title='bbox 935 1976 1062 2059; x_wconf 70' lang='lat' dir='ltr'>(diffuso</span> <span class='ocrx_word' id='word_1_135' title='bbox 1042 1975 1213 2040; x_wconf 81' lang='grc'><em>0000000(</em></span> <span class='ocrx_word' id='word_1_136' title='bbox 1204 1973 1309 2037; x_wconf 84' lang='grc'><em>00000</em></span> 
     </span>
     <span class='ocr_line' id='line_1_18' title="bbox 174 2078 1306 2159; baseline -0.006 -11"><span class='ocrx_word' id='word_1_137' title='bbox 174 2082 239 2148; x_wconf 83' lang='grc'><em>603</em></span> <span class='ocrx_word' id='word_1_138' title='bbox 275 2079 378 2159; x_wconf 83' lang='grc'><em>(2000(</em></span> <span class='ocrx_word' id='word_1_139' title='bbox 413 2079 545 2143; x_wconf 82' lang='grc'><em>0000000000</em></span> <span class='ocrx_word' id='word_1_140' title='bbox 579 2081 712 2144; x_wconf 87' lang='grc'><em>0(000(((00(0</em></span> <span class='ocrx_word' id='word_1_141' title='bbox 748 2079 860 2158; x_wconf 81' lang='grc'><em>(0000·</em></span> <span class='ocrx_word' id='word_1_142' title='bbox 880 2078 1012 2144; x_wconf 86' lang='grc' dir='ltr'><em>··Νο0</em></span> <span class='ocrx_word' id='word_1_143' title='bbox 1034 2080 1127 2143; x_wconf 85' lang='grc'><em>000000</em></span> <span class='ocrx_word' id='word_1_144' title='bbox 1151 2099 1221 2143; x_wconf 92' lang='grc'><em>000</em></span> <span class='ocrx_word' id='word_1_145' title='bbox 1244 2099 1306 2141; x_wconf 89' lang='grc'><em>000-</em></span> 
     </span>
     <span class='ocr_line' id='line_1_19' title="bbox 173 2181 1309 2264; baseline -0.008 -13.976"><span class='ocrx_word' id='word_1_146' title='bbox 173 2205 251 2249; x_wconf 88' lang='grc'><em>(000(</em></span> <span class='ocrx_word' id='word_1_147' title='bbox 273 2182 433 2264; x_wconf 81' lang='grc'><em>00000000</em></span> <span class='ocrx_word' id='word_1_148' title='bbox 400 2182 523 2245; x_wconf 86' lang='grc'><em>(0000000</em></span> <span class='ocrx_word' id='word_1_149' title='bbox 544 2203 639 2263; x_wconf 85' lang='grc'><em>000(</em></span> <span class='ocrx_word' id='word_1_150' title='bbox 588 2185 763 2247; x_wconf 86' lang='grc'><em>(00000000</em></span> <span class='ocrx_word' id='word_1_151' title='bbox 785 2185 848 2247; x_wconf 84' lang='grc'><em>772</em></span> <span class='ocrx_word' id='word_1_152' title='bbox 873 2182 1021 2261; x_wconf 81' lang='grc'><em>(2000((00</em></span> <span class='ocrx_word' id='word_1_153' title='bbox 1044 2188 1136 2255; x_wconf 80' lang='grc'><em>(0000·</em></span> <span class='ocrx_word' id='word_1_154' title='bbox 1158 2181 1245 2245; x_wconf 79' lang='lat' dir='ltr'>sibit</span> <span class='ocrx_word' id='word_1_155' title='bbox 1245 2181 1309 2243; x_wconf 85' lang='grc'><em>·(000</em></span> 
     </span>
     <span class='ocr_line' id='line_1_20' title="bbox 172 2283 1308 2398; baseline -0.005 -47"><span class='ocrx_word' id='word_1_156' title='bbox 172 2285 327 2351; x_wconf 79' lang='grc'><em>00000000</em></span> <span class='ocrx_word' id='word_1_157' title='bbox 352 2285 440 2348; x_wconf 78' lang='lat' dir='ltr'>orire</span> <span class='ocrx_word' id='word_1_158' title='bbox 464 2306 523 2349; x_wconf 91' lang='grc'><em>000(</em></span> <span class='ocrx_word' id='word_1_159' title='bbox 526 2285 625 2349; x_wconf 81' lang='grc'><em>00000</em></span> <span class='ocrx_word' id='word_1_160' title='bbox 646 2287 733 2351; x_wconf 86' lang='grc'><em>*(90</em></span> <span class='ocrx_word' id='word_1_161' title='bbox 756 2285 784 2349; x_wconf 87' lang='lat' dir='ltr'>V</span> <span class='ocrx_word' id='word_1_162' title='bbox 809 2289 870 2350; x_wconf 82' lang='lat'><em>134</em></span> <span class='ocrx_word' id='word_1_163' title='bbox 895 2285 997 2365; x_wconf 88' lang='grc'><em>(2000(</em></span> <span class='ocrx_word' id='word_1_164' title='bbox 1019 2307 1047 2347; x_wconf 90' lang='grc'><em>0(</em></span> <span class='ocrx_word' id='word_1_165' title='bbox 1042 2285 1212 2398; x_wconf 72' lang='lat' dir='ltr'>&#39;possete</span> <span class='ocrx_word' id='word_1_166' title='bbox 1197 2283 1308 2348; x_wconf 79' lang='grc'><em>000000</em></span> 
     </span>
     <span class='ocr_line' id='line_1_21' title="bbox 173 2385 1306 2552; baseline -0.008 -98"><span class='ocrx_word' id='word_1_167' title='bbox 173 2388 276 2454; x_wconf 87' lang='grc'><em>000000</em></span> <span class='ocrx_word' id='word_1_168' title='bbox 247 2393 366 2468; x_wconf 76' lang='lat' dir='ltr'>ipra</span> <span class='ocrx_word' id='word_1_169' title='bbox 344 2387 397 2451; x_wconf 87' lang='grc'><em>(000</em></span> <span class='ocrx_word' id='word_1_170' title='bbox 420 2387 493 2468; x_wconf 82' lang='grc'><em>(000</em></span> <span class='ocrx_word' id='word_1_171' title='bbox 517 2387 622 2452; x_wconf 83' lang='grc'><em>(0000(</em></span> <span class='ocrx_word' id='word_1_172' title='bbox 630 2387 694 2552; x_wconf 56' lang='lat' dir='ltr'>tuis</span> <span class='ocrx_word' id='word_1_173' title='bbox 720 2386 812 2451; x_wconf 84' lang='grc'><em>(00</em></span> <span class='ocrx_word' id='word_1_174' title='bbox 786 2387 891 2468; x_wconf 79' lang='grc'><em>(0000000</em></span> <span class='ocrx_word' id='word_1_175' title='bbox 876 2392 977 2451; x_wconf 84' lang='grc'><em>00000</em></span> <span class='ocrx_word' id='word_1_176' title='bbox 998 2387 1121 2450; x_wconf 86' lang='grc' dir='ltr'><em>00000(ἶο</em></span> <span class='ocrx_word' id='word_1_177' title='bbox 1145 2390 1206 2451; x_wconf 87' lang='grc'><em>000</em></span> <span class='ocrx_word' id='word_1_178' title='bbox 1227 2385 1306 2450; x_wconf 81' lang='grc'><em>0000</em></span> 
     </span>
     <span class='ocr_line' id='line_1_22' title="bbox 174 2489 1308 2571; baseline -0.003 -17"><span class='ocrx_word' id='word_1_179' title='bbox 174 2490 319 2556; x_wconf 74' lang='lat' dir='ltr'>ratribus</span> <span class='ocrx_word' id='word_1_180' title='bbox 354 2510 420 2551; x_wconf 88' lang='grc'><em>0000</em></span> <span class='ocrx_word' id='word_1_181' title='bbox 453 2489 1030 2570; x_wconf 73' lang='grc'><em>100000,(00000000000000000000</em></span> <span class='ocrx_word' id='word_1_182' title='bbox 1058 2493 1223 2571; x_wconf 79' lang='grc'><em>00000000(</em></span> <span class='ocrx_word' id='word_1_183' title='bbox 1201 2489 1274 2552; x_wconf 84' lang='grc'><em>000(</em></span> <span class='ocrx_word' id='word_1_184' title='bbox 1277 2492 1308 2551; x_wconf 88' lang='grc'><em>00</em></span> 
     </span>
     <span class='ocr_line' id='line_1_23' title="bbox 178 2590 1303 2671; baseline -0.005 -12"><span class='ocrx_word' id='word_1_185' title='bbox 178 2593 330 2659; x_wconf 61' lang='lat' dir='ltr'>Teutana</span> <span class='ocrx_word' id='word_1_186' title='bbox 364 2592 401 2657; x_wconf 86' lang='grc'><em>(0(</em></span> <span class='ocrx_word' id='word_1_187' title='bbox 435 2593 545 2656; x_wconf 79' lang='grc'><em>000000(</em></span> <span class='ocrx_word' id='word_1_188' title='bbox 536 2590 780 2656; x_wconf 82' lang='grc'><em>0000000000</em></span> <span class='ocrx_word' id='word_1_189' title='bbox 744 2596 843 2671; x_wconf 85' lang='grc'><em>0000000(</em></span> <span class='ocrx_word' id='word_1_190' title='bbox 866 2592 942 2656; x_wconf 82' lang='grc'><em>0000</em></span> <span class='ocrx_word' id='word_1_191' title='bbox 927 2592 1091 2655; x_wconf 84' lang='grc'><em>(0000000000</em></span> <span class='ocrx_word' id='word_1_192' title='bbox 1082 2613 1137 2656; x_wconf 85' lang='grc'><em>0000</em></span> <span class='ocrx_word' id='word_1_193' title='bbox 1159 2611 1303 2655; x_wconf 86' lang='grc'><em>00000000.</em></span> 
     </span>
     <span class='ocr_line' id='line_1_24' title="bbox 173 2694 1305 2776; baseline 0.003 -23"><span class='ocrx_word' id='word_1_194' title='bbox 173 2697 235 2776; x_wconf 89' lang='lat' dir='ltr'>tlui</span> <span class='ocrx_word' id='word_1_195' title='bbox 269 2697 361 2760; x_wconf 85' lang='lat' dir='ltr'>loeus</span> <span class='ocrx_word' id='word_1_196' title='bbox 394 2694 436 2761; x_wconf 88' lang='lat' dir='ltr'><em>ab</em></span> <span class='ocrx_word' id='word_1_197' title='bbox 470 2695 645 2759; x_wconf 87' lang='lat' dir='ltr'>editoribus</span> <span class='ocrx_word' id='word_1_198' title='bbox 679 2697 767 2759; x_wconf 89' lang='lat' dir='ltr'>varie</span> <span class='ocrx_word' id='word_1_199' title='bbox 782 2702 815 2759; x_wconf 91' lang='lat' dir='ltr'><em>et</em></span> <span class='ocrx_word' id='word_1_200' title='bbox 838 2695 987 2760; x_wconf 86' lang='lat' dir='ltr'>scribitur</span> <span class='ocrx_word' id='word_1_201' title='bbox 1009 2701 1041 2759; x_wconf 90' lang='lat' dir='ltr'><em>et</em></span> <span class='ocrx_word' id='word_1_202' title='bbox 1063 2695 1305 2776; x_wconf 86' lang='lat' dir='ltr'>interpungitur.</span> 
     </span>
     <span class='ocr_line' id='line_1_25' title="bbox 174 2797 1304 2880; baseline -0.004 -18"><span class='ocrx_word' id='word_1_203' title='bbox 174 2800 256 2865; x_wconf 87' lang='lat' dir='ltr'><em>Nam</em></span> <span class='ocrx_word' id='word_1_204' title='bbox 291 2798 495 2880; x_wconf 85' lang='lat' dir='ltr'>Beruaysius,</span> <span class='ocrx_word' id='word_1_205' title='bbox 531 2799 581 2862; x_wconf 88' lang='lat' dir='ltr'>oui</span> <span class='ocrx_word' id='word_1_206' title='bbox 604 2799 695 2862; x_wconf 89' lang='lat' dir='ltr'>initio</span> <span class='ocrx_word' id='word_1_207' title='bbox 718 2799 878 2880; x_wconf 85' lang='lat' dir='ltr'>scriptura</span> <span class='ocrx_word' id='word_1_208' title='bbox 901 2798 1049 2862; x_wconf 87' lang='lat' dir='ltr'>oodieum</span> <span class='ocrx_word' id='word_1_209' title='bbox 1073 2797 1162 2877; x_wconf 86' lang='grc'><em>0000(</em></span> <span class='ocrx_word' id='word_1_210' title='bbox 1183 2798 1304 2876; x_wconf 90' lang='lat' dir='ltr'>impro-</span> 
     </span>
     <span class='ocr_line' id='line_1_26' title="bbox 174 2899 1304 2983; baseline -0.003 -18"><span class='ocrx_word' id='word_1_211' title='bbox 174 2902 250 2967; x_wconf 89' lang='lat' dir='ltr'>bata</span> <span class='ocrx_word' id='word_1_212' title='bbox 274 2899 332 2964; x_wconf 88' lang='grc'><em>(000</em></span> <span class='ocrx_word' id='word_1_213' title='bbox 355 2902 470 2982; x_wconf 86' lang='lat' dir='ltr'>placet,</span> <span class='ocrx_word' id='word_1_214' title='bbox 495 2907 657 2968; x_wconf 89' lang='lat' dir='ltr'>commate</span> <span class='ocrx_word' id='word_1_215' title='bbox 680 2908 754 2982; x_wconf 87' lang='lat' dir='ltr'>post</span> <span class='ocrx_word' id='word_1_216' title='bbox 777 2901 864 2966; x_wconf 80' lang='grc'><em>0000(</em></span> <span class='ocrx_word' id='word_1_217' title='bbox 881 2903 987 2983; x_wconf 88' lang='lat' dir='ltr'>posito</span> <span class='ocrx_word' id='word_1_218' title='bbox 1003 2921 1077 2966; x_wconf 84' lang='lat' dir='ltr'><em>cum</em></span> <span class='ocrx_word' id='word_1_219' title='bbox 1095 2901 1304 2964; x_wconf 85' lang='lat' dir='ltr'>lachmanno</span> 
     </span>
     <span class='ocr_line' id='line_1_27' title="bbox 173 3005 1306 3088; baseline -0.004 -18"><span class='ocrx_word' id='word_1_220' title='bbox 173 3012 248 3088; x_wconf 90' lang='lat' dir='ltr'>post</span> <span class='ocrx_word' id='word_1_221' title='bbox 266 3007 379 3085; x_wconf 80' lang='grc'><em>000000</em></span> <span class='ocrx_word' id='word_1_222' title='bbox 399 3005 550 3084; x_wconf 83' lang='lat' dir='ltr'>distinxit,</span> <span class='ocrx_word' id='word_1_223' title='bbox 574 3005 704 3086; x_wconf 77' lang='lat' dir='ltr'>Brieger</span> <span class='ocrx_word' id='word_1_224' title='bbox 727 3006 875 3070; x_wconf 83' lang='lat' dir='ltr'>codicum</span> <span class='ocrx_word' id='word_1_225' title='bbox 899 3006 1059 3087; x_wconf 88' lang='lat' dir='ltr'>scriptura</span> <span class='ocrx_word' id='word_1_226' title='bbox 1081 3012 1211 3069; x_wconf 85' lang='lat' dir='ltr'>servata</span> <span class='ocrx_word' id='word_1_227' title='bbox 1230 3010 1306 3084; x_wconf 91' lang='lat' dir='ltr'>post</span> 
     </span>
     <span class='ocr_line' id='line_1_28' title="bbox 174 3106 1303 3189; baseline 0.001 -22"><span class='ocrx_word' id='word_1_228' title='bbox 174 3106 262 3172; x_wconf 82' lang='grc'><em>000000</em></span> <span class='ocrx_word' id='word_1_229' title='bbox 297 3112 329 3171; x_wconf 89' lang='lat' dir='ltr'><em>et</em></span> <span class='ocrx_word' id='word_1_230' title='bbox 362 3113 436 3187; x_wconf 92' lang='lat' dir='ltr'>post</span> <span class='ocrx_word' id='word_1_231' title='bbox 458 3107 576 3170; x_wconf 85' lang='grc'><em>0000000</em></span> <span class='ocrx_word' id='word_1_232' title='bbox 597 3115 760 3172; x_wconf 78' lang='lat' dir='ltr'>commate</span> <span class='ocrx_word' id='word_1_233' title='bbox 783 3109 989 3189; x_wconf 88' lang='lat' dir='ltr'>interpunxit.</span> <span class='ocrx_word' id='word_1_234' title='bbox 1034 3108 1149 3171; x_wconf 83' lang='lat' dir='ltr'>Murro</span> <span class='ocrx_word' id='word_1_235' title='bbox 1171 3113 1303 3188; x_wconf 88' lang='lat' dir='ltr'>recepto</span> 
     </span>
     <span class='ocr_line' id='line_1_29' title="bbox 173 3208 1304 3291; baseline 0 -19"><span class='ocrx_word' id='word_1_236' title='bbox 173 3209 272 3289; x_wconf 81' lang='grc'><em>000000,</em></span> <span class='ocrx_word' id='word_1_237' title='bbox 307 3211 382 3291; x_wconf 85' lang='lat' dir='ltr'>quia</span> <span class='ocrx_word' id='word_1_238' title='bbox 415 3208 515 3274; x_wconf 86' lang='lat' dir='ltr'>verba</span> <span class='ocrx_word' id='word_1_239' title='bbox 546 3214 656 3290; x_wconf 81' lang='grc'><em>000000</em></span> <span class='ocrx_word' id='word_1_240' title='bbox 689 3209 776 3275; x_wconf 81' lang='grc'><em>0000000</em></span> <span class='ocrx_word' id='word_1_241' title='bbox 810 3211 911 3274; x_wconf 89' lang='grc'><em>0000000</em></span> <span class='ocrx_word' id='word_1_242' title='bbox 940 3210 1041 3291; x_wconf 76' lang='lat' dir='ltr'>priua</span> <span class='ocrx_word' id='word_1_243' title='bbox 1063 3211 1096 3274; x_wconf 89' lang='lat' dir='ltr'>in</span> <span class='ocrx_word' id='word_1_244' title='bbox 1119 3210 1304 3291; x_wconf 87' lang='lat' dir='ltr'>parenthesi</span> 
     </span>
     <span class='ocr_line' id='line_1_30' title="bbox 172 3312 1304 3395; baseline -0.002 -18"><span class='ocrx_word' id='word_1_245' title='bbox 172 3313 290 3394; x_wconf 84' lang='lat' dir='ltr'>posuit,</span> <span class='ocrx_word' id='word_1_246' title='bbox 310 3318 386 3377; x_wconf 89' lang='lat' dir='ltr'>ante</span> <span class='ocrx_word' id='word_1_247' title='bbox 408 3312 527 3377; x_wconf 78' lang='lat' dir='ltr'>soleret</span> <span class='ocrx_word' id='word_1_248' title='bbox 547 3332 677 3377; x_wconf 85' lang='lat' dir='ltr'>comma</span> <span class='ocrx_word' id='word_1_249' title='bbox 699 3313 842 3395; x_wconf 87' lang='lat' dir='ltr'>praebet,</span> <span class='ocrx_word' id='word_1_250' title='bbox 867 3331 951 3395; x_wconf 89' lang='lat' dir='ltr'>quae</span> <span class='ocrx_word' id='word_1_251' title='bbox 974 3313 1157 3378; x_wconf 87' lang='lat' dir='ltr'>emendatio</span> <span class='ocrx_word' id='word_1_252' title='bbox 1181 3318 1304 3393; x_wconf 87' lang='lat' dir='ltr'>quanto</span> 
     </span>
     <span class='ocr_line' id='line_1_31' title="bbox 173 3415 1304 3498; baseline -0.004 -18"><span class='ocrx_word' id='word_1_253' title='bbox 173 3416 342 3480; x_wconf 85' lang='lat' dir='ltr'>clariorem</span> <span class='ocrx_word' id='word_1_254' title='bbox 376 3416 491 3481; x_wconf 89' lang='lat' dir='ltr'>reddat</span> <span class='ocrx_word' id='word_1_255' title='bbox 524 3417 716 3480; x_wconf 89' lang='lat' dir='ltr'>sententiam</span> <span class='ocrx_word' id='word_1_256' title='bbox 751 3422 895 3498; x_wconf 87' lang='lat' dir='ltr'>apparet.</span> <span class='ocrx_word' id='word_1_257' title='bbox 944 3417 1007 3482; x_wconf 85' lang='grc'><em>934</em></span> <span class='ocrx_word' id='word_1_258' title='bbox 1041 3415 1136 3495; x_wconf 79' lang='lat' dir='ltr'>quid</span> <span class='ocrx_word' id='word_1_259' title='bbox 1168 3418 1304 3479; x_wconf 87' lang='grc'><em>00000000</em></span> 
     </span>
     <span class='ocr_line' id='line_1_32' title="bbox 172 3517 1303 3601; baseline 0 -22"><span class='ocrx_word' id='word_1_260' title='bbox 172 3517 410 3601; x_wconf 67' lang='lat' dir='ltr'>conprendatur</span> <span class='ocrx_word' id='word_1_261' title='bbox 442 3517 523 3599; x_wconf 76' lang='grc'><em>00000</em></span> <span class='ocrx_word' id='word_1_262' title='bbox 555 3519 567 3582; x_wconf 95' lang='lat' dir='ltr'>l</span> <span class='ocrx_word' id='word_1_263' title='bbox 605 3521 666 3583; x_wconf 87' lang='grc'><em>(58</em></span> <span class='ocrx_word' id='word_1_264' title='bbox 692 3519 841 3598; x_wconf 84' lang='grc'><em>(2000000</em></span> <span class='ocrx_word' id='word_1_265' title='bbox 864 3522 1044 3598; x_wconf 75' lang='grc'><em>0000000000</em></span> <span class='ocrx_word' id='word_1_266' title='bbox 1067 3517 1205 3597; x_wconf 80' lang='lat' dir='ltr'>quido</span> <span class='ocrx_word' id='word_1_267' title='bbox 1228 3537 1303 3579; x_wconf 86' lang='grc'><em>0000</em></span> 
     </span>
     <span class='ocr_line' id='line_1_33' title="bbox 170 3619 1303 3703; baseline -0.001 -17.986"><span class='ocrx_word' id='word_1_268' title='bbox 170 3621 239 3685; x_wconf 89' lang='grc'><em>(000</em></span> <span class='ocrx_word' id='word_1_269' title='bbox 263 3621 362 3684; x_wconf 62' lang='lat' dir='ltr'>altstat</span> <span class='ocrx_word' id='word_1_270' title='bbox 383 3621 532 3703; x_wconf 71' lang='lat' dir='ltr'>brichella·</span> <span class='ocrx_word' id='word_1_271' title='bbox 555 3619 1303 3700; x_wconf 73' lang='grc'><em>0010000000((0(’00000000000000-</em></span> 
     </span>
     <span class='ocr_line' id='line_1_34' title="bbox 170 3673 1304 3807; baseline 0 -22"><span class='ocrx_word' id='word_1_272' title='bbox 170 3723 342 3803; x_wconf 76' lang='grc'><em>000.’00((</em></span> <span class='ocrx_word' id='word_1_273' title='bbox 309 3743 354 3786; x_wconf 85' lang='grc'><em>((0(</em></span> <span class='ocrx_word' id='word_1_274' title='bbox 331 3724 458 3787; x_wconf 80' lang='grc'><em>0000000</em></span> <span class='ocrx_word' id='word_1_275' title='bbox 494 3673 665 3803; x_wconf 70' lang='grc'><em>000000</em></span> <span class='ocrx_word' id='word_1_276' title='bbox 637 3744 691 3789; x_wconf 84' lang='grc'><em>00000</em></span> <span class='ocrx_word' id='word_1_277' title='bbox 694 3724 807 3788; x_wconf 87' lang='grc'><em>000000(</em></span> <span class='ocrx_word' id='word_1_278' title='bbox 841 3723 1227 3807; x_wconf 80' lang='grc'><em>00000000000000000(</em></span> <span class='ocrx_word' id='word_1_279' title='bbox 1251 3743 1304 3785; x_wconf 86' lang='grc'><em>000-</em></span> 
     </span>
     <span class='ocr_line' id='line_1_35' title="bbox 172 3825 1304 3909; baseline -0.001 -20"><span class='ocrx_word' id='word_1_280' title='bbox 172 3830 282 3890; x_wconf 86' lang='grc'><em>0000(</em></span> <span class='ocrx_word' id='word_1_281' title='bbox 314 3825 409 3905; x_wconf 71' lang='lat' dir='ltr'>qnid</span> <span class='ocrx_word' id='word_1_282' title='bbox 443 3831 564 3907; x_wconf 80' lang='grc'><em>0000000,</em></span> <span class='ocrx_word' id='word_1_283' title='bbox 599 3827 653 3892; x_wconf 90' lang='lat' dir='ltr'>ubi</span> <span class='ocrx_word' id='word_1_284' title='bbox 675 3827 790 3892; x_wconf 87' lang='lat' dir='ltr'>Munro</span> <span class='ocrx_word' id='word_1_285' title='bbox 814 3827 898 3907; x_wconf 86' lang='grc'><em>0000(</em></span> <span class='ocrx_word' id='word_1_286' title='bbox 919 3827 1004 3892; x_wconf 89' lang='lat' dir='ltr'>idem</span> <span class='ocrx_word' id='word_1_287' title='bbox 1028 3827 1114 3909; x_wconf 88' lang='lat' dir='ltr'>quod</span> <span class='ocrx_word' id='word_1_288' title='bbox 1138 3830 1304 3905; x_wconf 86' lang='grc'><em>0000000000</em></span> 
     </span>
     <span class='ocr_line' id='line_1_36' title="bbox 170 3929 386 3995; baseline 0 -1"><span class='ocrx_word' id='word_1_289' title='bbox 170 3931 279 3995; x_wconf 87' lang='lat' dir='ltr'>valere</span> <span class='ocrx_word' id='word_1_290' title='bbox 302 3929 386 3994; x_wconf 86' lang='lat' dir='ltr'>dicit.</span> 
     </span>
    </p>

    <p class='ocr_par' dir='ltr' id='par_1_4' title="bbox 172 4030 1304 4217">
     <span class='ocr_line' id='line_1_37' title="bbox 274 4030 1296 4115; baseline 0.002 -19"><span class='ocrx_word' id='word_1_291' title='bbox 274 4034 446 4113; x_wconf 78' lang='lat' dir='ltr'>quiequam.</span> <span class='ocrx_word' id='word_1_292' title='bbox 479 4032 517 4096; x_wconf 91' lang='lat' dir='ltr'><em>Ill</em></span> <span class='ocrx_word' id='word_1_293' title='bbox 550 4033 593 4098; x_wconf 85' lang='lat'><em>44</em></span> <span class='ocrx_word' id='word_1_294' title='bbox 627 4034 715 4112; x_wconf 86' lang='grc'><em>00000(</em></span> <span class='ocrx_word' id='word_1_295' title='bbox 748 4054 846 4115; x_wconf 73' lang='lat' dir='ltr'>stt-paro</span> <span class='ocrx_word' id='word_1_296' title='bbox 877 4032 963 4098; x_wconf 89' lang='grc'><em>((000</em></span> <span class='ocrx_word' id='word_1_297' title='bbox 940 4054 1054 4099; x_wconf 81' lang='grc'><em>0000·</em></span> <span class='ocrx_word' id='word_1_298' title='bbox 1072 4030 1296 4113; x_wconf 78' lang='grc'><em>··0(0·0··00</em></span> 
     </span>
     <span class='ocr_line' id='line_1_38' title="bbox 168 4133 1304 4217; baseline 0.003 -21.011"><span class='ocrx_word' id='word_1_299' title='bbox 168 4156 232 4197; x_wconf 81' lang='grc'><em>000·</em></span> <span class='ocrx_word' id='word_1_300' title='bbox 250 4133 373 4198; x_wconf 84' lang='grc' dir='ltr'><em>·Νο0·</em></span> <span class='ocrx_word' id='word_1_301' title='bbox 392 4155 573 4215; x_wconf 69' lang='lat' dir='ltr'>prosator(</span> <span class='ocrx_word' id='word_1_302' title='bbox 554 4134 683 4215; x_wconf 80' lang='grc'><em>000000</em></span> <span class='ocrx_word' id='word_1_303' title='bbox 687 4157 762 4200; x_wconf 88' lang='grc'><em>00000</em></span> <span class='ocrx_word' id='word_1_304' title='bbox 785 4140 917 4202; x_wconf 83' lang='grc'><em>000000(</em></span> <span class='ocrx_word' id='word_1_305' title='bbox 939 4135 1080 4200; x_wconf 81' lang='grc'><em>(00000000</em></span> <span class='ocrx_word' id='word_1_306' title='bbox 1104 4154 1214 4217; x_wconf 77' lang='grc'><em>00000·</em></span> <span class='ocrx_word' id='word_1_307' title='bbox 1238 4135 1304 4199; x_wconf 77' lang='grc'><em>8000</em></span> 
     </span>
    </p>
   </div>
   <div class='ocr_carea' id='block_1_3' title="bbox 0 0 1486 4890">
    <p class='ocr_par' dir='ltr' id='par_1_5' title="bbox 0 0 1486 4890">
     <span class='ocr_line' id='line_1_39' title="bbox 0 0 1486 4890; baseline 0 1"><span class='ocrx_word' id='word_1_308' title='bbox 0 0 1486 4890; x_wconf 95' lang='lat' dir='ltr'><em> </em></span> 
     </span>
    </p>
   </div>
  </div>
 </body>
</html>
