2964 4890
1220 241 1262 305 33

173 430 213 493 iis
247 430 410 511 exemplis,
444 431 477 494 in
512 429 627 512 quibus
664 427 765 494 verba
799 425 927 491 obiecto
951 427 1078 507 quidem
1104 435 1224 510 carent,
1249 430 1307 494 sed

173 535 231 614 ita,
265 540 301 597 ut
333 535 396 598 hoc
428 552 468 598 ex
502 531 769 599 antecedentibus
802 530 895 595 facile
928 528 1148 611 subaudiatur,
1182 539 1251 597 tum
1275 533 1305 619 c)

173 634 331 701 adscribit
357 653 397 700 ea
417 635 527 716 verba,
552 653 635 718 quae
659 635 788 716 saepius
810 635 840 696 vi
862 634 1032 698 transitiva
1055 635 1186 699 omnino
1210 643 1307 702 exuta

173 757 254 802 cum
287 738 396 803 dativo
429 740 480 804 vel
513 739 753 821 praepositione
778 738 1026 818 coniunguntur,
1051 737 1189 820 denique
1211 740 1244 823 d)
1268 759 1307 806 ea

174 839 292 919 adfert,
327 859 420 922 quae,
455 860 530 905 cum
561 841 648 906 actio
669 839 808 905 verbalis
831 840 871 903 ad
894 840 1000 921 ipsum
1023 838 1203 905 subiectum
1226 842 1277 909 rel
1295 880 1309 892 -

175 950 278 1023 ratur,
306 961 403 1007 sensu
426 943 578 1008 reflexivo
601 963 621 1008 a
645 943 792 1007 Lucretio
816 949 1019 1024 usurpantur.
1055 941 1117 1007 Sed
1141 963 1214 1009 cum
1238 947 1308 1029 plu-

175 1047 262 1109 rima
294 1063 417 1126 eorum,
452 1066 536 1128 quae
569 1047 725 1112 Meissner
758 1045 817 1110 sub
851 1043 1022 1126 generibus
1055 1044 1157 1110 tribus
1186 1065 1214 1126 a,
1238 1047 1310 1126 b‚c

175 1155 359 1226 enumerat,
393 1149 470 1213 nihil
502 1151 665 1231 peculiare
698 1147 886 1230 praebeant,
922 1165 961 1212 ea
994 1154 1121 1212 tantum
1147 1149 1310 1230 proferam

177 1249 289 1329 verba,
325 1269 407 1331 quae
439 1269 460 1316 a
493 1252 587 1316 solita
609 1253 803 1333 scriptorum
827 1269 943 1314 norma
965 1252 1104 1315 maxime
1127 1252 1309 1330 deflectant,

176 1371 319 1435 quorum
355 1353 455 1419 multo
483 1355 625 1418 maxima
649 1371 724 1434 pars
747 1372 767 1417 a
789 1352 965 1417 Meissnero
988 1353 1135 1434 proximo
1159 1356 1268 1436 generi
1290 1356 1312 1419 d

176 1454 392 1537 subiungitur.

285 1558 373 1623 Haec
406 1560 491 1641 apud
527 1559 710 1624 Lucretium
743 1557 897 1622 adnotavi
920 1557 1020 1622 verba
1042 1566 1075 1623 et
1097 1560 1258 1642 simplicia
1280 1567 1312 1626 et

177 1661 373 1742 composita,
398 1660 569 1743 quaesere
593 1661 703 1725 omnia
725 1666 849 1724 motum
873 1660 1063 1742 exprimunt.

286 1768 442 1828 declinare
475 1766 697 1830 accusativum
721 1764 873 1829 adsumit:
902 1764 926 1826 H
950 1765 1012 1828 259
1036 1763 1102 1827 Per
1125 1785 1225 1843 (prium
1247 1799 1254 1814 .
1273 1800 1305 1815 ··

179 1864 403 1930 Declioamus
425 1865 502 1930 item
518 1871 656 1946 motus,
672 1866 872 1930 intransitive
889 1872 1072 1947 usurpatur:
1096 1866 1120 1930 ll
1137 1868 1197 1930 221
1218 1868 1313 1945 (guod

179 1966 250 2031 uisi
275 1967 442 2032 declinare
465 1969 625 2034 solerent:
648 1971 736 2033 *250
760 1968 826 2032 Sed
848 1967 898 2032 ml
921 1967 1054 2031 coruino
1071 1967 1313 2051 uulloro‘qt'oue

181 2068 251 2133 uiui
286 2069 466 2136 Declamare
490 2071 565 2151 quita
590 2070 717 2150 estqui
738 2073 886 2151 proruet
907 2090 1039 2134 cernere
1062 2070 1156 2135 scae?
1177 2072 1217 2136 de
1240 2073 1313 2136 loco

179 2171 225 2236 ab
260 2172 435 2237 editoribus
470 2174 610 2238 maxime
642 2180 760 2238 vexato
795 2174 870 2255 quia
903 2172 964 2237 sub
990 2174 1083 2237 locali
1106 2193 1184 2238 casu
1208 2193 1312 2256 agam,

182 2277 249 2342 hoc
281 2283 406 2339 tantum
442 2277 562 2341 dictum
599 2278 670 2342 volo
706 2277 855 2342 codicum
877 2277 1069 2358 scripturam
1090 2276 1203 2358 possit,
1228 2279 1315 2360 quod

181 2398 204 2443 a
229 2379 438 2443 Lachmanno
462 2380 494 2443 in
511 2383 670 2461 praestet,
694 2398 714 2443 a
736 2380 887 2462 Briegero
911 2397 929 2443 e
951 2379 1139 2444 coniectura
1151 2380 1313 2446 Winclrel-

184 2483 297 2546 manui
330 2482 362 2544 in
391 2486 510 2562 poscat
542 2489 776 2546 commutatum
812 2489 871 2559 est,
905 2482 1054 2546 Munroni
1089 2483 1226 2564 placere,
1261 2486 1315 2566 qui

183 2585 454 2666 transpositiones
486 2585 674 2649 durissimas
697 2586 783 2667 apud
806 2587 987 2650 Lucretium
1012 2604 1182 2652 occurrere
1205 2605 1315 2652 exem·

184 2688 245 2770 plis
274 2688 370 2751 variis
393 2688 546 2768 ostendit;
580 2692 643 2755 ‘253
665 2689 733 2753 Nec
757 2688 955 2753 declinando
979 2687 1112 2766 fuciunt
1129 2688 1315 2769 primordio

184 2793 294 2853 motus
327 2789 538 2871 I’riucipium
573 2792 750 2871 prroddom.
796 2789 850 2856 Cfr
884 2789 997 2856 Cicero
1031 2791 1070 2855 de
1104 2790 1170 2855 fato
1200 2793 1250 2872 20,
1275 2794 1315 2858 46

184 2892 358 2978 (Mueller):
390 2892 573 2967 ‘declinat‘‚
607 2893 729 2974 inquit,
759 2893 910 2957 ‘atomus'
942 2912 1108 2971 ···quoe
1132 2914 1205 2975 erpo
1230 2914 1316 2959 norro

184 3013 291 3060 rouro
315 2999 352 3059 m
373 2998 501 3059 buturo
526 2999 581 3076 est,
605 3015 692 3075 quoe
715 2993 857 3060 declinet
879 2994 1046 3059 atomum?

290 3100 453 3161 inclinare.
485 3097 700 3163 Transitivam
722 3099 788 3162 vim
811 3097 911 3162 verbo
934 3098 1041 3162 inesse
1064 3097 1230 3163 declarant
1251 3098 1316 3163 for-

187 3217 263 3264 mae
289 3200 451 3281 passivae:
486 3199 526 3265 Vl
549 3203 612 3268 563
634 3200 808 3266 Inclinato
829 3203 944 3265 meunt
964 3199 1002 3266 ira
1025 3200 1163 3264 cundem
1183 3201 1318 3281 prodito

182 3304 335 3384 purum)-
358 3303 420 3366 573
444 3301 634 3368 inclinatur
657 3302 745 3368 cuim
767 3307 920 3383 retroque
943 3301 1075 3367 recellit.
1110 3303 1209 3368 Aliter
1224 3324 1317 3369 usur·

187 3413 297 3488 patur:
331 3405 355 3469 ll
388 3407 452 3470 243
485 3406 598 3484 (lucre
623 3405 721 3471 ratium
746 3410 844 3486 utqrre
869 3405 967 3470 etium
988 3405 1131 3486 paulum
1153 3405 1318 3472 inclinum

187 3510 352 3572 necessest
374 3507 529 3587 Corpora.

293 3613 423 3673 delicere
456 3630 529 3674 cum
561 3611 749 3675 accusativo
773 3610 992 3689 coniungitur:
1027 3609 1150 3675 111546
1175 3611 1317 3687 ernaudo

187 3710 380 3777 bominem
405 3716 523 3777 totum
548 3713 655 3795 mauis
679 3733 716 3777 oc
739 3712 846 3795 acopis
869 3711 1019 3791 undiquc
1041 3732 1159 3775 seusus·
1182 3711 1319 3791 ,Imbria

190 3814 215 3879 V
251 3816 315 3881 886
349 3815 430 3879 Post
462 3815 518 3879 aba·
543 3837 647 3880 ecum
670 3815 801 3880 truttam
823 3814 909 3877 uires
933 3818 1038 3877 aetolo
1061 3816 1192 3878 senocto
1215 3814 1319 3878 Mem-

188 3916 316 3997 braque
352 3916 512 3996 deliciunt
544 3917 689 4002 supinati
724 3915 888 4000 leopoldo
916 3915 1032 3999 r·itu¹)‚
1057 3914 1203 3980 absolute
1226 3937 1320 3981 usur-

194 4059 236 4066 —..
252 4061 273 4065 .,
296 4059 382 4065 --.--.-
394 4060 400 4065 .

296 4140 317 4202 ι)
336 4151 410 4190 ecum
427 4152 477 4204 pro
496 4137 622 4205 genetivo
641 4135 708 4203 plur.
723 4151 795 4188 num.
806 4134 876 4188 lalso
885 4133 1231 4188 habetBouteruelrius
1242 4151 1267 4203 p.
1277 4136 1319 4188 31.

1201 4271 1217 4322 3
