2902 4884
383 556 411 618 3
458 554 590 618 Dativus
613 554 690 617 subs
692 555 794 617 antiv
798 554 823 616 is
846 553 1045 616 subiunctus.

258 692 407 756 Dativurn
431 691 639 755 substantivis
662 710 679 754 e
703 690 808 755 verbis
831 690 973 754 dativutn
999 687 1236 770 regentibusderi-

154 804 207 859 vat
210 796 235 859 is
196 795 445 859 tadmodunr
478 813 552 858 raro
576 795 607 857 iu
631 813 780 858 sermone
803 794 856 858 133
835 800 902 857 tino
926 791 1067 858 adscribi
1088 797 1239 856 notumesl.

153 899 265 979 Neque
299 899 425 962 dativus
459 917 478 962 a
513 899 660 962 Lucretio
695 898 753 960 nisi
780 895 982 960 substantivo
1005 895 1088 974 333333
1111 893 1242 976 apponitur

154 1002 316 1065 nonnullis
349 1002 438 1071 loeis,
473 1001 528 1065 ubi
561 1000 694 1064 verbum
718 1001 760 1065 ad
783 1008 979 1065 structuram
1003 999 1191 1080 aliquantum
1208 1014 1243 1059 33-

154 1105 252 1168 luisse
286 1104 456 1167 verisimile
491 1113 547 1168 est.
596 1103 738 1167 Primum
772 1103 977 1168 adnotandus
1012 1111 1062 1166 est
1096 1102 1145 1165 hio
1174 1101 1245 1164 loeus:

153 1208 165 1270 Ι
197 1208 261 1272 423
297 1207 359 1272 3333
392 1207 459 1271 33333
487 1207 600 1288 33333333
592 1206 712 1283 33333333
735 1207 862 1286 33333333
863 1227 924 1269 33
850 1206 1029 1270 3033333333
1030 1206 1101 1273 de
1124 1223 1182 1286 quo
1201 1204 1248 1266 3030

154 1311 203 1390 egi
235 1330 265 1391 p.
300 1312 340 1375 90·
375 1329 421 1389 sq.
466 1309 588 1373 Deinde
619 1308 660 1372 lv
693 1311 756 1374 463
781 1309 845 1388 Qu
836 1331 874 1372 33
897 1310 962 1373 330
964 1331 1021 1373 3333
1043 1309 1159 1388 33333333
1182 1307 1250 1389 33333

154 1413 308 1477 3333333333
331 1413 442 1476 03333333
466 1416 636 1492 3333333333333
658 1413 785 1475 dativus
808 1431 826 1476 e
849 1412 1052 1478 substantivo
1077 1413 1209 1495 pendere
1222 1413 1252 1475 vi-

156 1517 259 1580 detur
303 1516 383 1579 Tuni
418 1516 470 1578 hio
504 1523 609 1580 03533
576 1517 746 1580 attinens
780 1516 792 1578 l
823 1519 888 1580 4333
910 1516 1003 1579 Mul
977 1517 1164 1596 33033333
1108 1538 1154 1597 333·
1156 1520 1204 1579 33
1205 1536 1239 1578 33
1230 1535 1253 1577 33

156 1619 212 1680 33333
240 1639 300 1699 3303
290 1640 421 1682 33333333
422 1620 692 1682 03333333333033333330
716 1621 903 1701 3333333333
866 1624 922 1682 3333
947 1618 995 1697 fid
997 1640 1044 1682 3333
1072 1619 1166 1682 33333
1140 1624 1229 1682 33333

156 1722 273 1784 3···3333333
296 1742 362 1785 uos
352 1722 452 1785 3,3·3’3

196 1815 199 1818 ’
260 1824 371 1904 Neque
405 1824 531 1887 dativus
558 1824 627 1887 aliis
650 1824 729 1887 loeis
752 1823 955 1888 substantivo
979 1825 1256 1903 adscribitur3nan1

155 1927 281 1990 dativus
315 1927 361 1990 eis
395 1945 526 2008 quoque
560 1927 647 2002 locis,
684 1926 738 1989 ubi
772 1946 846 1990 eum
880 1927 1085 1991 substantivo
1116 1935 1182 1991 arte
1202 1944 1257 1990 303-

154 2030 240 2110 iungi
277 2030 432 2108 videatur,
467 2031 508 2094 ad
542 2028 676 2093 verbum
710 2032 837 2113 proprie
867 2040 915 2095 est
938 2031 1138 2096 referendus.
1180 2031 1256 2096 Unum

155 2140 266 2197 tamen
289 2135 463 2214 separatim
486 2132 650 2197 adnotabo
674 2133 793 2196 looum:
827 2133 855 2197 V
881 2135 934 2199 181
963 2133 1163 2214 Ε3333333333333
1186 2151 1256 2214 333333

154 2237 377 2320 3333333333333
408 2237 520 2300 3333333·
545 2241 576 2299 33
598 2237 670 2317 333333
694 2237 832 2300 Notitiae
855 2237 1023 2301 leontinum
1052 2237 1103 2301 3333·
1130 2239 1208 2302 3333333
1227 2238 1258 2298 333

156 2339 259 2402 ius-ltu
287 2340 448 2421 3333333333,
483 2339 536 2403 ubi
570 2339 696 2403 dativus
724 2340 972 2420 33133333333333333
996 2343 1145 2422 proxime
1166 2341 1257 2404 relatus

156 2451 213 2506 est.
258 2444 340 2506 Nain
373 2444 623 2524 gerundivorunr
656 2445 823 2524 genetivos
855 2452 952 2525 poeta
987 2444 1139 2508 consulto
1161 2443 1257 2507 videtu

157 2547 306 2624 evitasse,
330 2567 403 2610 euin
428 2555 531 2611 metro
555 2566 621 2610 non
644 2549 723 2610 satis
746 2548 812 2628 apti
834 2555 950 2610 essent.
