2964 4890
1218 253 1259 316 99

279 439 439 500 suadnere.
463 437 491 500 V
512 439 575 502 556
598 436 720 501 Nonne
742 435 833 500 'uides
857 436 954 500 ettam
970 456 1071 516 quern
1088 458 1303 521 mequopon·

175 537 253 601 dere
276 537 386 601 trebia
409 537 585 602 Sustineat
605 559 723 619 eorpus
747 537 942 602 retineatur
966 538 1013 601 uis
1037 538 1173 604 animai.

278 647 392 705 velare.
426 640 438 704 Ι
471 642 534 706 930
567 641 608 704 tv
634 645 654 705 5
688 640 785 706 Unde
808 640 909 721 prius
935 640 1038 705 nulli
1059 642 1204 707 uoluunt
1227 647 1302 707 tena-

168 763 258 823 porn
280 764 405 807 masne.

278 849 394 909 videre.
422 846 451 910 V
472 846 536 911 549
559 844 626 909 Sed
648 845 780 928 [tetius]
796 844 929 926 pruriter
945 845 1060 925 prime
1083 852 1239 928 conceptu
1263 847 1302 911 ab

174 946 304 1030 criptae
337 948 456 1012 mundi
490 947 652 1026 Certaque
682 968 766 1027 pora
789 947 869 1028 eins,
893 947 1123 1026 quaeritantis
1146 948 1302 1030 membru,

173 1050 341 1115 uideatur.
376 1050 429 1116 Sic
452 1052 562 1115 nescio
586 1069 651 1132 qua
673 1069 773 1115 causa
796 1052 937 1114 distinxit
952 1052 1189 1132 Lachmannus‚
1207 1071 1302 1134 quem

174 1153 322 1233 sequitur
356 1154 560 1236 BernaysiuS,
595 1154 709 1218 melius
741 1154 856 1219 Munro
879 1161 1041 1218 commate
1064 1162 1137 1236 post
1159 1155 1304 1220 membre

173 1256 280 1320 deleto
313 1275 442 1320 versum
475 1256 580 1320 edidit.
624 1255 727 1320 Paulo
751 1257 842 1321 aliter
865 1258 928 1337 egit
950 1257 1080 1338 Brieger
1102 1278 1177 1322 cum
1199 1259 1303 1323 Lach-

175 1360 286 1423 manni
307 1360 602 1440 interpunctionem
625 1365 756 1423 secutus
778 1358 910 1423 uidetur
933 1361 1068 1440 scripsit.

277 1462 324 1525 Ex
357 1463 404 1526 eis
439 1481 522 1543 quae
556 1480 655 1544 supra
680 1463 771 1526 attuli
794 1463 948 1543 exemplis
970 1464 1197 1543 pronominum
1222 1463 1303 1527 dati-

173 1585 234 1630 vos
257 1566 446 1647 saepissime
468 1565 555 1647 apud
577 1565 758 1629 Lucretium
776 1565 965 1647 dynamicos
977 1584 1049 1630 esse
1064 1572 1207 1647 apparet.
1239 1565 1304 1630 Ne-

173 1687 237 1750 que
271 1668 437 1733 Lucretius
471 1687 491 1732 a
524 1674 693 1750 poetarum
728 1668 901 1732 latinorum
935 1688 996 1731 usu
1022 1668 1158 1747 deflexit,
1184 1669 1302 1750 quippe

173 1773 228 1853 qui
262 1771 419 1836 eiusmodi
453 1771 580 1835 dativos
614 1771 753 1834 maxime
785 1771 948 1850 adament,
983 1789 1057 1834 cum
1080 1772 1302 1851 genetivorum

173 1873 298 1938 formae
331 1874 441 1938 metris
474 1874 581 1937 minus
614 1875 818 1938 conveniant.
865 1873 971 1952 Quare
1004 1891 1071 1938 non
1104 1873 1221 1938 desunt
1248 1873 1303 1955 qui

173 1976 296 2041 formas
329 1976 362 2039 in
394 1976 430 2038 -r'
453 1977 636 2041 desinentes
658 1977 746 2041 velut
769 1976 797 2040 ei
820 1976 869 2040 tut
893 1975 957 2057 ipsi
983 1975 1037 2039 isti
1062 1994 1121 2058 pro
1148 1978 1303 2056 genetiuis

173 2079 350 2143 decurtatis
374 2079 481 2142 multis
503 2079 582 2143 locis
608 2078 720 2143 haberi
732 2085 883 2160 oportere
895 2079 1103 2159 contendant,
1117 2097 1214 2159 quam
1228 2098 1303 2144 sen-

171 2182 308 2245 tentiam
331 2200 398 2245 non
420 2180 570 2245 omnibus
591 2180 771 2263 probarunt
783 2182 817 2265 ¹).

560 2387 587 2438 4.
624 2386 754 2440 Datiuus
772 2386 919 2440 auctoris.

279 2508 345 2571 Iam
368 2524 446 2570 vero
470 2507 509 2570 de
532 2507 640 2572 dativo
664 2526 737 2571 cum
760 2506 868 2572 verbis
883 2508 1019 2588 passivis
1036 2508 1209 2572 coniuncto
1226 2527 1303 2589 aga-

174 2629 258 2688 mus,
282 2610 334 2672 cui
356 2609 484 2673 dativo
507 2609 677 2673 auctoris
696 2628 815 2674 nomen
827 2610 937 2674 indere
949 2611 1063 2692 placet.
1097 2610 1187 2690 Quae
1199 2618 1303 2675 struc-

173 2719 258 2791 tura,
293 2731 367 2775 cum
400 2712 487 2793 apud
508 2713 633 2793 priscos
656 2719 770 2794 poetas
794 2719 826 2777 et
848 2714 935 2795 apud
958 2712 1147 2779 Ciceronem
1170 2715 1304 2779 nonita

173 2816 312 2879 multum
344 2814 474 2879 floreret
497 2816 704 2897 exceptisque
726 2817 840 2896 paucis
863 2816 1017 2897 exemplis
1039 2816 1210 2881 artioribus
1232 2817 1303 2881 fini-

173 2918 235 2982 bus
270 2916 598 2997 circumscriberetur,
632 2919 719 2999 apud
745 2920 961 3001 posteriorum
983 2925 1165 2999 temporum
1189 2926 1304 3000 poetas

173 3030 207 3087 et
241 3021 297 3103 qui
330 3039 442 3085 eorum
466 3023 599 3103 vestigia
622 3023 725 3086 secuti
748 3029 823 3086 sunt
845 3028 992 3086 oratores
1015 3028 1047 3086 et
1069 3040 1177 3086 rerum
1200 3023 1303 3103 scrip-

172 3131 263 3189 tores
286 3125 388 3204 magis
412 3125 577 3205 magisque
601 3130 650 3188 est
672 3125 842 3206 divulgata.
879 3124 999 3189 Verum
1023 3125 1077 3206 qui
1100 3125 1186 3188 hunc
1209 3143 1303 3188 usum

173 3246 191 3292 e
225 3245 418 3308 graecorum
452 3245 603 3291 sermone
631 3234 795 3308 sumptum
819 3245 891 3292 esse
913 3227 1111 3308 praedicant,
1136 3232 1223 3290 certe
1245 3225 1305 3289 fal-

172 3331 293 3410 luntur,
321 3348 519 3411 quamquam
548 3330 793 3395 concedendum
817 3336 867 3394 est
888 3349 1044 3394 romanos
1066 3331 1098 3393 in
1121 3330 1184 3393 hoc
1208 3330 1305 3392 dativi

173 3453 235 3498 usu
270 3451 461 3514 graecorum
496 3433 644 3513 exempla
665 3433 808 3498 imitatos
831 3451 912 3497 esse.
955 3433 1067 3514 Neque
1090 3432 1221 3496 dubium
1246 3438 1304 3511 est,

173 3537 251 3618 quin
282 3536 323 3599 ad
346 3536 432 3599 hanc
454 3540 650 3599 structuram
674 3536 927 3617 pervulgandam
952 3541 984 3599 et
1007 3536 1104 3599 dativi
1129 3534 1234 3599 verbis
1255 3535 1305 3597 in-

173 3638 350 3703 transitivis
372 3637 535 3701 subiuncti
558 3645 590 3702 et
614 3639 708 3702 metri
730 3639 816 3720 leges
839 3639 1039 3720 aliquantum
1062 3638 1230 3702 valuerint.

279 3738 359 3805 Cum
382 3740 493 3804 iormis
515 3741 753 3821 gerundialibus
775 3742 849 3806 inde
872 3740 914 3805 ab
929 3743 1026 3805 initiis
1040 3742 1219 3805 litterarum
1234 3741 1306 3804 lati-

277 3983 298 4046 1)
325 3978 508 4032 Conferantur
526 3978 656 4045 inprimis·
669 3981 702 4032 A.
721 3980 959 4033 Luchsius-Zur
976 3979 1066 4032 Lehrc
1084 3994 1137 4032 ron
1155 3976 1203 4030 der
1220 3976 1306 4030 Gene-

176 4066 329 4132 tivbiidung
358 4061 406 4116 der
433 4062 612 4116 lateinischen
638 4063 812 4129 Pronomae,
841 4063 1021 4118 Studemundi
1049 4063 1147 4119 Studia
1182 4063 1203 4132 Ι,
1223 4062 1252 4117 0.
1273 4065 1305 4116 Α.

176 4152 376 4205 Danielsson
395 4147 491 4202 Studia
510 4151 699 4216 grammatica.
