2964 4890
623 586 731 669 Cap.
763 587 848 654 IV.

643 761 834 838 Delirus,

298 923 380 1015 911.
423 928 468 994 lle
496 928 529 994 vi
552 930 585 994 et
606 946 667 994 usu
688 926 790 994 dativi
813 926 965 993 universe
987 926 1181 1015 disputatur.

279 1066 325 1131 De
359 1066 457 1130 dativi
489 1067 619 1149 propria
647 1068 677 1130 vi
711 1074 742 1131 et
775 1066 881 1131 indole
905 1075 1026 1148 quanta
1048 1067 1132 1131 inter
1154 1085 1211 1132 eos
1234 1067 1304 1148 qui-

173 1186 316 1249 cumque
350 1188 484 1234 casuum
519 1169 685 1233 doctrinae
709 1169 785 1233 dent
809 1188 942 1252 operam
966 1169 1030 1233 iam
1056 1169 1179 1249 pridem
1202 1175 1305 1234 exstet

173 1271 344 1352 dissensio
378 1273 430 1335 vix
463 1279 512 1336 est
546 1272 633 1353 quod
665 1290 828 1336 moneam.
872 1272 954 1336 Nam
988 1278 1023 1336 ut
1049 1273 1303 1354 praetermittam

173 1375 353 1439 sententias
384 1381 529 1439 veterum
563 1375 860 1456 grammaticorum,
893 1376 946 1456 qui
970 1375 1099 1458 quidem
1122 1394 1142 1439 a
1166 1394 1303 1456 graecae

173 1478 304 1557 linguae
336 1495 471 1542 casuum
505 1477 631 1560 syntaxi
665 1476 801 1558 profecti
823 1476 889 1541 fere
913 1496 1041 1559 semper
1064 1478 1103 1542 de
1127 1478 1234 1542 dativo
1258 1478 1304 1540 la-

173 1581 243 1643 tino
276 1597 429 1661 perversa
461 1580 586 1644 ratione
614 1579 805 1656 iudicarunt,
831 1579 950 1643 uostris
972 1580 1171 1660 temporibus
1194 1586 1301 1644 utrum

173 1681 287 1746 localis
320 1682 509 1765 significatio
543 1682 651 1746 dativo
673 1682 854 1764 linguarum
877 1681 1213 1761 indogermanicarum
1236 1683 1306 1746 vin-

174 1785 315 1849 dicanda
348 1786 389 1849 sit
414 1804 517 1850 necne
544 1786 701 1851 acerrime
724 1786 807 1848 inter
830 1785 917 1848 viros
940 1785 1145 1849 doctissimos
1169 1792 1217 1849 est
1240 1785 1305 1848 dis-

173 1893 350 1971 ceptatum.
384 1888 515 1953 Plurimi
538 1889 623 1953 enim
647 1889 787 1969 vestigiis
810 1887 968 1968 Rumpelii
991 1887 1192 1968 aliorumque
1215 1907 1305 1969 pres-

174 1993 229 2071 sis,
265 1992 319 2073 qui
342 1992 470 2074 quidem
493 1992 524 2056 id
548 1999 689 2073 egerant,
714 1992 803 2055 utin
828 1991 936 2054 dativo
959 1990 1058 2054 latino
1082 1991 1145 2053 vim
1168 1991 1305 2055 localem

174 2113 242 2159 non
276 2092 374 2158 fuisse
408 2095 676 2175 demonstrarent,
711 2094 752 2158 ad
785 2094 1032 2175 grammaticam
1062 2112 1160 2174 quam
1182 2101 1303 2158 vocant

173 2198 342 2262 notionem
366 2196 643 2279 comprobandam
665 2198 772 2279 potius
788 2197 951 2261 inclinant.
985 2196 1070 2261 Inter
1085 2215 1141 2260 eos
1158 2198 1212 2279 qui
1227 2217 1306 2281 syn-

172 2301 240 2365 taxi
263 2301 381 2364 latinae
404 2299 618 2365 incubuerunt
640 2299 792 2365 Kuehner
816 2299 841 2363 Il
857 2305 869 2364 l
888 2320 916 2382 p.
930 2301 991 2365 22ss
1004 2319 1072 2383 sqq.
1085 2306 1189 2364 totum
1202 2319 1307 2365 enun-

173 2405 291 2468 tiatum
315 2410 426 2469 censet
452 2403 560 2468 dativo
582 2404 627 2467 ita
650 2403 781 2482 definiri,
806 2410 840 2467 ut
863 2404 915 2467 hic
938 2421 1035 2468 casus
1057 2422 1231 2485 personam
1254 2404 1308 2468 vel

173 2527 245 2572 rem
269 2526 352 2589 quae
375 2508 418 2572 ad
439 2506 620 2571 subiectum
631 2508 733 2572 relata
749 2508 789 2570 sit
802 2507 945 2588 quodam
961 2506 1058 2570 modo
1071 2507 1160 2571 verbi
1173 2507 1308 2571 actione

174 2610 265 2692 tangi
289 2610 416 2690 indicet,
440 2611 491 2674 cui
513 2610 658 2691 proxime
681 2611 893 2692 adstipulatur
905 2608 1106 2674 Schmalzius
1117 2629 1146 2691 p.
1159 2610 1222 2672 424
1236 2628 1309 2690 sqq.

175 2713 225 2777 Ad
260 2713 376 2776 horum
399 2714 592 2777 sententiam
615 2731 715 2794 prope
738 2713 899 2777 accedens
922 2712 1063 2793 Draeger
1085 2711 1096 2775 l
1119 2732 1148 2793 p.
1170 2714 1230 2778 401
1257 2731 1307 2793 sq.

176 2817 331 2896 dativum,
365 2834 440 2880 cum
474 2815 579 2880 verbis
612 2816 786 2880 transitivis
809 2815 977 2897 appositus
1001 2821 1107 2879 motus
1130 2815 1227 2879 finem
1251 2833 1309 2879 ex·

177 2921 305 3001 primat,
328 2920 414 3000 apud
435 2926 553 3003 poetas
575 2921 856 3001 posteriorumque
879 2924 1023 2982 aetatum
1046 2918 1219 2999 scriptores
1237 2936 1308 2981 ma-

177 3024 225 3104 gis
244 3023 411 3103 magisque
427 3023 562 3087 localem
576 3028 726 3086 naturam
737 3022 956 3102 adsumpsisse
968 3021 1055 3085 addit
1067 3020 1101 3105 ¹).
1136 3019 1200 3085 Sed
1212 3021 1308 3100 longe

178 3126 220 3191 ab
249 3126 287 3188 iis
314 3124 463 3189 omnibus
497 3125 688 3189 dissentiunt
710 3125 855 3188 nonnulli
878 3161 919 3170 —
943 3124 1086 3188 Brealius
1109 3122 1307 3203 oeeekius2)

215 3308 220 3318 ⁸
282 3329 303 3391 ¹)
332 3328 456 3382 Ceterum
482 3330 640 3383 conteratur
665 3329 696 3384 G.
719 3326 947 3396 Landgraiius
966 3327 1022 3379 Der
1040 3325 1155 3378 Dativus
1173 3324 1310 3378 commodi

180 3413 235 3467 und
254 3413 303 3466 der
321 3414 436 3468 Dutivus
454 3414 545 3468 finalis
563 3415 613 3467 mit
631 3414 708 3466 ihren
727 3414 862 3466 Abarten.
899 3412 983 3465 Aroh.
1001 3412 1067 3465 Vlll
1086 3427 1130 3477 pp.
1149 3410 1259 3462 39-76.

283 3501 304 3568 ²)
322 3499 370 3553 Gir
388 3501 433 3554 Gr.
451 3517 477 3568 p.
496 3501 546 3553 168
564 3501 580 3570 §
599 3501 662 3552 263:
681 3501 736 3552 Der
755 3497 886 3552 Wemfall
905 3499 942 3551 ist
959 3496 1150 3563 ursprttnglich
1162 3496 1206 3548 ein
1218 3499 1310 3546 ritum-

180 3585 265 3639 licher
292 3585 360 3653 Fall‚
388 3585 436 3638 der
463 3586 512 3639 aui
537 3585 581 3638 die
599 3586 687 3653 Frage
704 3583 813 3638 wohin?
832 3583 881 3637 das
898 3583 959 3636 Ziel
977 3581 1096 3650 angiebt‚
1115 3596 1150 3633 an
1169 3579 1229 3632 dem
1248 3579 1310 3631 eine

179 3671 332 3739 Bewegung
359 3687 408 3723 zur
434 3671 512 3724 Ruhe
539 3671 650 3727 kommt.
687 3670 726 3723 Er
754 3671 790 3723 ist
817 3669 890 3722 dann
915 3668 963 3721 der
980 3665 1164 3736 gewdhnliche
1184 3665 1244 3718 Fall
1263 3663 1311 3717 der

180 3756 365 3809 entiernteren
391 3755 557 3824 Ergttnzung
581 3756 622 3808 als
640 3755 699 3809 Ziel
717 3756 791 3808 einer
808 3753 970 3821 Tlrltigkoit
988 3752 1037 3805 auf
1053 3750 1096 3803 die
1116 3749 1203 3817 Frage
1215 3748 1310 3819 wem?;

182 3841 271 3895 temer
289 3842 365 3910 giebt
383 3856 412 3894 er
430 3840 474 3893 die
492 3842 594 3894 Person
612 3857 655 3908 an,
674 3857 707 3893 zu
727 3839 809 3893 deren
827 3839 934 3892 Nutzen
954 3837 1020 3890 oder
1037 3834 1171 3900 saladon,
1190 3834 1236 3887 ftlr
1245 3834 1311 3887 oder

182 3942 266 3995 gegen
294 3926 338 3980 die
365 3932 447 3979 etuas
474 3926 615 3995 geschieht
640 3924 762 3992 (dativus
784 3923 913 3978 commodi
932 3926 957 3976 et
974 3919 1155 3986 incommodi).
1191 3919 1309 3973 Endlieh

182 4013 340 4066 bezeichnet
357 4027 386 4065 er
404 4011 456 4064 den
473 4011 571 4066 Zweek
589 4013 664 4064 einer
683 4010 832 4080 Handlung
851 4010 901 4063 auf
919 4009 963 4064 die
980 4005 1170 4076 Fragewozu?
1183 4005 1309 4059 -Prae-

182 4109 257 4153 terea
275 4098 367 4152 rideas
386 4098 418 4151 E.
437 4114 462 4164 p.
481 4098 532 4150 340
550 4113 589 4164 sq.
608 4098 624 4167 ξ
643 4098 702 4148 263.
