2964 4890
214 312 275 378 134

274 520 370 580 nasci.
417 518 442 580 ΙΙ
465 519 528 583 793
553 517 685 599 7277777777
709 519 830 582 7777777
845 518 946 581 7777777
958 517 1141 598 procliuius
1158 517 1311 581 77777777-

175 622 230 681 777·
253 617 409 683 0777777777
433 621 473 683 de
495 621 589 684 77777
616 641 718 699 quom
742 620 859 703 77977
882 625 966 684 777777
990 621 1119 684 777777
1142 620 1212 683 Ant
1227 620 1265 683 777
1273 619 1284 681 7
1292 642 1310 682 7

173 721 326 801 patonis.
373 723 442 788 Hoc
476 743 608 806 quoque
643 725 726 802 loc0‚
751 733 785 788 ut
809 726 905 790 docet
926 725 1083 789 Meissner
1106 746 1134 806 p.
1161 725 1208 803 18,
1234 733 1310 805 post

173 825 349 889 ablativum
373 845 390 890 e
413 829 655 908 praepositione
672 830 867 910 pendentem
884 828 1005 891 nudum
1022 827 1198 890 ablativum
1216 845 1306 889 usur-

174 929 242 1010 pari
279 929 469 1008 invenimus,
507 930 594 1011 quod
629 932 774 995 sermoni
807 931 999 995 Lucretiano
1034 929 1200 1011 proprium
1234 946 1312 992 esse

169 1027 336 1096 adnotavi.
381 1032 490 1096 Altero
529 1034 601 1098 loco
635 1033 677 1097 VI
713 1034 773 1097 172
806 1053 1004 1097 concursu
1037 1036 1141 1096 777773
1176 1032 1311 1094 eodem.

173 1135 314 1199 causalis
347 1137 437 1198 notio
460 1137 579 1199 rectius
602 1137 762 1199 statuitur.
807 1135 1008 1216 Praepositio
1032 1137 1139 1217 posita
1162 1143 1225 1199 est:
1251 1135 1310 1197 de:

173 1237 198 1300 ΙΙ
221 1239 282 1301 733
305 1258 348 1301 77
370 1237 455 1316 forte
477 1273 505 1286 ··
527 1237 635 1300 777773
734 1258 772 1301 eu
796 1258 882 1317 quoe
910 1237 1053 1320 niprunt
1074 1237 1171 1318 nipro
1196 1237 1236 1299 777
1261 1259 1309 1300 37-

173 1339 262 1403 77777
291 1343 392 1419 notua·
423 1361 453 1404 7.·
476 1340 488 1403 Ι
508 1343 573 1413 ,159
598 1362 638 1404 77
661 1340 807 1404 77777777
831 1340 927 1403 rebus
954 1340 1060 1405 07777
1082 1360 1190 1422 penus
1214 1340 1312 1403 7777377

169 1447 297 1523 posset:
330 1444 368 1506 ΙΙΙ
402 1447 465 1508 710
501 1443 595 1522 Quae
630 1465 723 1508 77777
756 1443 794 1507 77
822 1447 932 1507 nostro
958 1443 1152 1506 7777777777·
1175 1463 1313 1522 sciptura

174 1549 257 1610 77777
290 1545 347 1608 Es
379 1545 448 1609 7777.
493 1545 642 1611 17777377
676 1555 785 1611 autem
819 1531 947 1628 semper
971 1547 1010 1609 de
1033 1546 1309 1627 praepositionem

175 1648 328 1713 adsumit:
351 1648 363 1710 Ι
385 1650 457 1726 542;
480 1650 551 1727 674;
575 1652 645 1714 757.

278 1755 364 1814 oriri.
410 1752 439 1815 *Ι
473 1753 536 1815 874
568 1752 752 1815 Praetereo
780 1751 875 1815 7777773
899 1772 985 1831 pune
1008 1770 1145 1830 77777777
1170 1770 1312 1828 utcmque

176 1852 245 1934 7777,
280 1857 381 1936 umet
413 1853 470 1916 Es
504 1853 715 1937 utienipenis,
751 1874 837 1933 quoe
869 1853 1116 1936 alienigenis
1140 1856 1308 1916 ordiuntur.

174 1956 268 2020 Hunc
301 1957 408 2020 locum
446 1957 478 2019 in
510 1957 678 2021 codicibus
715 1957 924 2022 Leidensibus
959 1957 1139 2020 mutilatum
1167 1955 1312 2020 editores

176 2060 272 2122 variis
295 2059 400 2123 modis
424 2060 620 2140 explicantes
643 2061 813 2125 restituere
834 2068 1008 2124 tentarunt.
1046 2058 1109 2123 Sed
1125 2059 1310 2122 Lachman-

176 2181 252 2223 num
276 2161 425 2225 codicum
449 2164 652 2243 scripturam,
676 2180 763 2245 quae
786 2163 868 2227 haec
892 2169 952 2226 est:
975 2181 1061 2240 quoe
1078 2159 1179 2243 tipnt's
1196 2160 1312 2223 7777777·

176 2267 240 2343 777,
265 2272 298 2327 ut
320 2283 419 2346 supra
441 2265 596 2344 videmuS,
620 2265 780 2346 probante
803 2265 979 2347 Bernaysio
996 2265 1226 2329 emendantem
1244 2283 1310 2327 non

175 2374 224 2431 est
258 2386 315 2430 cur
348 2386 532 2448 sequamur,
566 2388 640 2432 cum
669 2369 731 2432 loci
756 2369 950 2432 sententiam
974 2386 1107 2449 prorsus
1131 2366 1312 2429 obscurare

176 2470 254 2532 mihi
289 2470 419 2533 videtur.
463 2470 575 2552 Neque
608 2470 770 2547 Munium,
806 2490 879 2534 cum
913 2471 1062 2534 lacunam
1099 2476 1175 2532 ante
1198 2489 1226 2532 u.
1247 2470 1312 2532 874

175 2580 340 2652 statueret,
365 2571 415 2635 773
438 2580 512 2654 post
536 2572 639 2656 777773
663 2575 773 2638 addito
798 2581 832 2636 ut
849 2574 955 2636 iocum
971 2579 1113 2648 sanaret,
1131 2572 1313 2651 contigisse

176 2685 318 2757 apparet.
363 2674 490 2756 Optime
523 2695 601 2741 voro
633 2696 653 2741 a
688 2676 841 2757 Briegero
875 2676 981 2739 locum
1017 2676 1200 2738 restitutum
1237 2692 1313 2737 esse

174 2778 324 2858 equidem
357 2786 445 2859 puto,
469 2779 524 2860 qui
554 2797 648 2843 versu
673 2781 737 2843 873
761 2781 853 2843 uncis
876 2779 1002 2842 incluso
1025 2797 1155 2842 versum
1179 2780 1254 2855 874,
1278 2778 1310 2838 in

175 2899 240 2961 quo
263 2881 410 2945 codicem
433 2881 513 2946 Flor.
537 2883 576 2945 31
602 2891 735 2948 secutus
759 2902 844 2962 qaue
868 2880 968 2964 tipnis
993 2880 1192 2944 7777777777
1207 2881 1311 2959 scrip-

176 2984 227 3061 sit,
259 2991 333 3064 post
365 3003 493 3049 versum
529 2986 591 3049 872
614 2987 794 3050 collocavit.
838 2985 922 3048 Nam
945 2985 1008 3047 hac
1032 3002 1182 3047 versuum
1208 2983 1310 3047 collo-

177 3082 305 3150 catione
329 3086 473 3166 edicitur,
497 3095 532 3151 ut
553 3089 699 3152 versibus
722 3088 892 3153 867-869
915 3088 970 3169 qui
992 3087 1192 3168 praecedunt
1209 3086 1311 3165 aptis-

175 3189 256 3253 sime
279 3190 311 3253 hi
334 3191 554 3271 respondeant
577 3211 689 3256 versus
713 3190 942 3255 871872874.
981 3189 1161 3254 Giussanus
1178 3207 1312 3270 quoque

175 3290 359 3372 Briegerum
383 3302 514 3357 secutus
537 3302 594 3358 est.
632 3293 739 3375 Saepe
762 3294 946 3373 adiungitur
968 3292 1183 3374 praepositio:
1209 3310 1246 3353 7.·
1269 3290 1310 3353 IV

176 3401 238 3464 483
263 3418 309 3462 77
332 3396 371 3460 ub
395 3417 497 3460 37737
520 3395 605 3476 falso
628 3396 713 3460 77777
739 3400 811 3459 ortu
833 3393 955 3459 7777777
975 3393 1096 3457 Dicere
1113 3413 1164 3456 773
1182 3397 1312 3471 contro,

176 3521 261 3581 77777
290 3503 356 3563 totu
384 3498 423 3562 777
449 3499 601 3563 sensibus
626 3502 698 3561 7777
723 3497 829 3569 73771)
853 3500 914 3562 521
938 3495 1035 3576 777373
1059 3515 1145 3574 quoe
1169 3515 1311 3573 cumque

111 3637 112 3642 1
176 3602 215 3666 77
249 3601 401 3666 sensibus
425 3604 545 3677 ortust;
569 3602 629 3665 de:
652 3601 693 3665 IV
719 3603 798 3666 1227
824 3599 983 3663 7777777777
1007 3599 1113 3661 oritur
1130 3597 1245 3678 7777777
1271 3599 1312 3660 de

174 3705 298 3770 37777777
332 3705 497 3781 37777777·
532 3726 562 3768 e:
596 3705 608 3768 Ι
644 3706 700 3768 161
738 3704 773 3767 Ε
803 3724 895 3767 777777
923 3701 1074 3782 putatum
1109 3699 1270 3781 77777773,
1296 3722 1313 3763 7

176 3810 265 3870 777777
287 3809 401 3887 posset
427 3805 507 3869 oriri
531 3805 790 3889 Squunu'pcrum
812 3824 939 3888 97773·
963 3806 1025 3867 ’204
1050 3824 1065 3866 7
1089 3823 1158 3882 77777
1182 3807 1314 3867 7773777

176 3908 258 3988 quid
275 3908 383 3989 possit
406 3908 502 3989 77777·
525 3909 549 3971 ΙΙ
573 3909 645 3986 383;
669 3910 742 3989 932;
765 3904 805 3971 ΙΙΙ
827 3909 899 3985 9703
922 3907 963 3971 IV
986 3907 1059 3970 432.

279 4168 384 4232 117777
404 4168 459 4217 totu
477 4164 510 4217 77
527 4163 648 4218 37737773
666 4167 759 4233 aptast
778 4162 902 4216 Hooforo
921 4167 1080 4233 praeeunte
1097 4159 1215 4229 scripsit
1229 4159 1311 4213 Brie-

175 4264 226 4317 ger
244 4251 291 4300 cui
309 4248 475 4302 Giussanus
493 4247 671 4302 adversatur.
