2964 4890
1219 208 1258 273 61

170 395 277 460 tivum
307 412 325 460 e
351 393 462 475 verbo,
497 394 584 476 quod
616 401 726 461 mente
748 395 1059 478 subintellegendum
1083 402 1141 476 est,
1164 395 1305 478 pendere

174 503 253 562 sunt
276 496 331 578 qui
351 503 474 579 putent.
1118 519 1121 527 ·

278 599 374 683 Apud
406 601 589 666 Lucretium
617 601 775 667 eiusmodi
797 604 1020 668 accusativum
1044 622 1060 666 o
1083 602 1305 667 interiectione

173 704 303 769 adiecta
326 722 391 769 uno
414 704 487 769 loeo
510 704 585 768 vidi:
608 704 633 768 ll
659 709 698 768 14
722 703 749 769 0
773 704 936 769 miseros
959 704 1129 770 homiuem
1144 708 1305 785 menter,

172 828 189 872 o
207 811 372 888 pectora
394 807 526 872 eoeeo!

277 910 334 975 His
367 916 476 976 autem
511 910 590 976 iocis
623 910 649 974 ll
680 911 744 975 434
779 916 811 975 et
836 911 918 976 1093
940 910 1109 976 vocativus
1131 918 1180 976 est
1202 917 1305 975 statu-

175 1013 290 1093 endus,
325 1013 479 1094 quoniam
496 1033 561 1094 pro
584 1012 799 1079 interiectioni
821 1013 1026 1079 aecusativus
1049 1020 1185 1096 excepto
1207 1013 1305 1092 stetero

174 1134 243 1180 non
266 1115 461 1196 adiungitur3
484 1113 532 1180 eir
553 1134 583 1197 p.
608 1118 656 1180 11.

615 1336 797 1403 Addenda
820 1338 866 1402 ΙΙΙ.

280 1495 307 1556 1.
347 1490 562 1558 Accusativus
586 1512 660 1557 eum
683 1491 977 1576 praepositionibus
1001 1493 1203 1559 coniunctus.

277 1629 538 1711 Praepositiones
572 1630 658 1712 apud
685 1631 868 1696 Lucretium
892 1650 956 1712 quo
979 1630 1077 1695 modo
1101 1629 1231 1696 casibus
1253 1646 1306 1693 ao·

174 1732 435 1813 eommodentur,
458 1732 612 1814 quoniam
635 1732 690 1798 ubi
713 1733 752 1799 de
769 1734 920 1799 universa
935 1734 1212 1815 praepositionum
1228 1731 1306 1796 doe-

174 1836 261 1899 trina
294 1836 401 1916 agitur
423 1837 529 1918 aptius
551 1837 703 1901 illustrari
725 1856 822 1919 posse
845 1837 1003 1916 existima
1027 1837 1090 1901 hoo
1113 1837 1185 1900 loeo
1208 1852 1307 1899 aceu-

173 1945 246 2002 rate
270 1939 467 2018 perscrutari
489 1956 768 2021 supervacaneum
791 1958 863 2005 esse
887 1939 964 2003 mihi
987 1938 1142 2020 persuasi,
1160 1954 1307 2019 praeser-

173 2041 229 2104 tim
267 2058 342 2104 eum
375 2041 651 2122 praepositionum
685 2061 763 2106 usus
798 2042 1009 2106 Lucretianus
1042 2060 1063 2105 a
1097 2040 1173 2104 viris
1203 2039 1307 2103 doctis

174 2144 285 2224 aliqua
313 2161 353 2207 ex
376 2150 467 2224 parte
491 2144 671 2226 deseriptus
694 2145 743 2209 sit.
788 2144 894 2224 Quare
918 2145 1071 2226 quoniam
1094 2143 1251 2224 exempla,
1274 2142 1305 2206 in

176 2245 295 2327 quibus
325 2247 414 2311 casui
437 2246 630 2312 adscribitur
651 2248 858 2329 praepositio,
882 2249 947 2312 iam
971 2248 1077 2312 multis
1102 2246 1183 2312 loeis
1205 2246 1307 2322 attuli,

175 2349 434 2431 praepositiones
469 2369 542 2415 oum
576 2352 764 2416 accusativo
788 2351 980 2417 coniunctas
1003 2351 1161 2415 Holtrium
1185 2349 1308 2414 Hertri-

129 2499 133 2506 .
176 2471 299 2533 umque
329 2460 460 2517 secutus
494 2455 607 2534 paucis
630 2455 784 2535 exemplis
807 2454 1003 2519 enumeratis
1027 2452 1212 2517 summatim
1235 2470 1309 2533 per-

177 2555 315 2637 quiram.

281 2658 318 2721 A.
364 2657 507 2721 Primum
531 2657 571 2723 de
594 2658 632 2723 iis
654 2658 947 2741 praepositionibus
970 2659 1126 2723 disseram
1149 2676 1233 2739 quae
1249 2657 1309 2720 nisi

177 2780 254 2826 eum
277 2762 463 2826 accusativo
488 2779 552 2826 non
577 2763 824 2843 coniunguntur,
848 2781 984 2844 quarum
1007 2762 1069 2826 has
1091 2761 1178 2844 apud
1191 2761 1309 2824 Luere-

177 2865 259 2928 tium
283 2870 466 2928 occurrunt.

282 2971 330 3030 ad
352 2965 495 3030 Primum
519 2973 643 3032 motum
667 2967 815 3049 exprimit
838 2967 904 3030 sive
921 2984 1032 3031 verum
1049 2966 1116 3030 sive
1132 2984 1190 3046 per
1205 2971 1309 3029 meta·

177 3070 316 3151 phorum
344 3070 592 3150 intellegendum
617 3072 704 3135 velut
727 3070 738 3134 l
761 3073 798 3134 ὁ]
830 3088 953 3132 orroeos·
977 3067 1070 3131 oreris·
1094 3067 1310 3147 uotorumque

177 3190 331 3252 stuporem
366 3171 533 3235 securorum
557 3193 578 3236 rr
601 3173 690 3236 (turis
718 3171 836 3238 eostre
864 3191 975 3235 oerum
999 3170 1044 3234 ed
1066 3169 1246 3244 rationem·
1268 3172 1310 3235 95

178 3273 268 3338 Mem
302 3272 432 3338 subluto
462 3274 570 3340 rurum
593 3275 749 3340 renuitae
773 3273 1051 3352 tremibundaque
1075 3273 1119 3335 ort
1143 3293 1221 3336 urus
1244 3272 1310 3336 Do-

179 3376 321 3455 rturteot,
344 3384 400 3441 aut
424 3397 667 3460 nonnumquam
693 3378 732 3443 de
755 3384 842 3442 statu
865 3383 1039 3457 usurpatur
1061 3393 1088 3440 e.
1110 3393 1155 3456 gr.
1171 3374 1211 3439 lV
1230 3377 1310 3439 tuor

173 3482 287 3560 presto
317 3479 498 3546 aimuterru
526 3485 637 3546 tumere
659 3483 742 3545 soret
761 3478 864 3544 sitires
888 3483 919 3542 et
939 3498 1061 3543 pomero
1085 3477 1179 3541 derlee
1202 3476 1310 3540 edver-

178 3584 275 3645 eetur
310 3583 354 3645 ert
388 3583 498 3659 aerim·
532 3584 572 3648 Vl
606 3586 668 3649 729
703 3582 763 3647 Fit
790 3603 920 3663 proruere
943 3579 993 3645 ort
1010 3580 1160 3661 pieriae,
1182 3579 1310 3660 sorsum,

178 3683 287 3767 europis
321 3684 366 3748 ed
399 3689 501 3766 eaput
533 3685 561 3749 er'
598 3685 756 3766 Tempore
792 3705 826 3751 eo
849 3684 943 3764 liunt.
989 3683 1111 3748 Deinde
1134 3683 1249 3747 dieitur
1271 3682 1310 3746 de

180 3805 218 3851 eo
253 3794 409 3868 tempore,
445 3789 532 3871 quod
565 3808 631 3855 non
665 3795 817 3854 accurate
854 3788 1011 3866 definitur,
1042 3786 1099 3851 sed
1122 3792 1248 3851 tantum
1272 3805 1310 3850 ex

180 3890 420 3971 propinquitate
443 3893 576 3957 alieuius
600 3893 679 3957 eerti
701 3892 858 3958 momenti
871 3891 1068 3973 designatur:
1086 3889 1126 3954 Vl
1143 3887 1310 3953 1192iteor

182 3992 225 4055 ed
258 4012 450 4072 supremum
485 3994 629 4075 denique
664 3999 791 4077 tempus·
826 3993 1030 4074 Conpressee
1063 4012 1173 4057 riores.
1230 3991 1311 4056 Tum

181 4097 404 4176 comparativa
438 4098 485 4162 vis
515 4099 746 4181 praepositioni
768 4099 863 4163 inest:
892 4097 931 4161 Vl
954 4098 1016 4162 613
1041 4100 1152 4160 tumore
1176 4095 1220 4157 ort
1243 4115 1311 4159 rou-
