2964 4890
1097 344 1156 408 125

70 549 212 625 inmoto:
246 546 284 609 111
317 549 380 610 404
410 545 569 624 13166666
597 541 1198 628 6311676666666166666661666

70 647 221 710 ›iirarlnis
257 648 422 728 Tricomia,
457 651 611 730 adempto
642 650 1197 731 6616666666166610163666

70 754 193 813 666616
216 751 302 814 Vivit
314 751 353 835 ¹);
377 752 423 816 eir
446 773 474 834 p.
497 755 546 816 52.
569 753 597 817 V
616 754 674 816 126
690 753 848 818 Notitiam
859 755 974 834 potios
983 754 1145 836 praebere
1164 759 1200 817 at

66 873 163 932 possa
180 857 347 932 potentio·
371 853 461 932 Quid
483 855 527 917 sit
542 855 661 918 611671
677 861 786 919 motor
802 877 924 920 saorra
935 878 954 936 q
965 879 1013 921 ue
1026 861 1196 921 remotum.

70 955 347 1036 praepositionem
383 957 525 1020 adsumit
560 978 595 1021 6.·
630 958 667 1021 Ill
702 959 765 1022 882
794 959 862 1022 Ner
897 964 1037 1023 removet
1068 960 1150 1022 sotis
1177 980 1198 1022 6

64 1057 209 1138 proiecto
234 1079 388 1139 666616,Ι
412 1059 438 1122 V
464 1063 524 1125 149
547 1064 674 1124 motare
697 1062 906 1145 (1616616666
929 1067 1099 1126 ··remoto
1116 1061 1197 1127 Seo-

69 1161 160 1223 silom
187 1161 227 1224 60
251 1161 389 1239 oenatria:
412 1164 476 1226 350
499 1183 580 1242 piros
604 1184 625 1226 6
649 1163 716 1227 rito
741 1165 1197 1243 6616666666616·71853.

173 1285 339 1329 semovere.
384 1265 408 1328 ll
447 1268 483 1330 19
519 1268 1198 1350 666666661616616666·οθ5611))-

70 1376 143 1431 tura
177 1369 326 1432 codicum
360 1370 471 1434 videas
504 1370 516 1432 Ι
551 1391 578 1451 p.
603 1373 643 1434 96
667 1391 691 1433 s.
718 1393 746 1433 v.
770 1370 889 1434 (uterer.
935 1372 1000 1436 *IV
1024 1375 1086 1436 290
1108 1372 1197 1455 (269)

70 1471 171 1535 Nemo
205 1490 275 1554 ope,
306 1492 366 1534 eor
392 1472 674 1552 7616636661666
699 1472 851 1536 6166666·
874 1472 982 1556 66666
1007 1475 1096 1556 (270)
1118 1475 1198 1538 Per-

71 1574 158 1654 ripe:
191 1594 272 1638 nom
307 1578 390 1638 rorte
418 1574 558 1655 penitae
579 1580 701 1638 ..666616
724 1575 856 1640 tidelm·
877 1577 966 1661 (200)
989 1577 1090 1641 Itlis
1113 1598 1199 1657 quar

72 1679 220 1741 1676661
250 1677 457 1757 speratorum
493 1699 534 1740 rar
568 1698 709 1757 6666616
742 1679 867 1758 visum:
903 1683 1026 1744 remoto
1049 1680 1197 1746 habeto

72 1784 229 1842 remmota
263 1779 299 1859 Q,
334 1784 455 1842 366616
489 1781 529 1844 de
552 1780 674 1844 Marulli
698 1783 887 1846 eonieetura
909 1784 1108 1864 seripserunt
1131 1785 1198 1848 edi-

71 1892 159 1948 tores
186 1891 322 1962 veteres²
347 1883 433 1964 quod
457 1885 577 1947 nostris
600 1903 730 1966 quoque
753 1886 859 1966 placet
881 1885 942 1968 (eir
963 1907 992 1948 v,
1018 1887 1101 1968 288).
1140 1887 1198 1950 Ve-

72 2007 142 2050 rum
179 1987 241 2050 hoe
268 1987 340 2050 loeo
364 1987 443 2050 ordo
467 2006 617 2051 versuum
643 1988 683 2051 ab
706 1989 882 2053 editoribus
905 1991 993 2054 varie
1017 1998 1198 2053 eommuta-

75 2099 125 2153 lus
149 2097 212 2166 est;
236 2108 312 2152 narn
333 2097 406 2169 post
421 2108 551 2153 versum
567 2091 630 2154 270
645 2109 773 2155 versum
790 2094 853 2154 200
869 2092 1003 2173 apponit
1019 2093 1199 2157 Lachman-

74 2214 143 2269 nnn,
161 2212 255 2274 quern
274 2194 358 2255 inter
374 2211 486 2256 versus
501 2194 564 2258 269
580 2201 612 2256 et
627 2195 690 2257 270
706 2195 843 2258 collocat
860 2195 1069 2277 Bernaysius3
1086 2204 1200 2260 eontra

74 2297 186 2360 Munro
209 2315 268 2359 suo
292 2297 364 2359 loeo
389 2303 462 2377 post
485 2315 612 2359 versum
637 2299 698 2360 280
722 2288 836 2362 retinet
860 2299 1005 2363 scribens
1025 2299 1101 2363 Illic
1117 2321 1201 2378 quoi·

74 2401 227 2464 reddrmt.
274 2399 334 2479 Qui
358 2400 488 2480 quidem
512 2401 694 2465 Lucretium
719 2401 783 2463 iam
800 2401 946 2465 versibus
962 2404 1112 2466 98-110
1129 2400 1198 2465 libri

73 2504 180 2584 quarti
203 2503 320 2567 docere
344 2502 421 2565 dicit
444 2503 547 2565 vistim
571 2522 678 2566 reruni
703 2504 905 2584 imaginibus
929 2524 994 2568 non
1010 2505 1107 2569 rebus
1123 2506 1200 2586 ipsis

74 2624 112 2668 ex
136 2606 339 2686 speculorum
365 2623 507 2687 aequore
529 2605 619 2669 reddi
642 2606 780 2688 ideoque
802 2607 1046 2670 Lachniannum
1063 2613 1107 2688 (et
1124 2608 1200 2672 Ber-

76 2709 236 2791 naysiurn)
271 2710 303 2771 in
337 2727 488 2773 versuum
521 2710 775 2789 transpositione
804 2727 913 2774 errare
936 2702 1200 2792 contenditjqua

73 2811 238 2890 efficiatur,
273 2832 292 2874 u
340 2810 406 2873 iltis
438 2812 480 2874 ad
514 2830 566 2875 res
600 2820 750 2892 spectare
772 2813 952 2895 putandum
976 2816 1025 2876 sil.
1071 2814 1202 2894 Brieger

73 2923 148 2979 ante
172 2935 299 2980 versurn
322 2917 386 2979 290
410 2913 564 2982 Goebelio
589 2915 670 2978 duee
694 2915 843 2979 lacunam
868 2917 984 2997 signat,
1008 2918 1084 2981 item
1108 2916 1200 2982 0163-

73 3037 181 3082 sanus.
226 3018 306 3082 Cum
337 3019 578 3099 praepositione
609 3019 814 3099 coniungitur
844 3019 893 3081 his
917 3020 1007 3085 loeis:
1046 3020 1120 3083 lnl
1146 3040 1201 3083 ro-

74 3141 153 3183 cuos
182 3120 275 3183 amris
307 3120 696 3201 661661666668696666
720 3120 887 3183 Seorotom
911 3142 931 3184 6
955 3121 1043 3185 euris
1066 3121 1201 3198 adtrita:

73 3225 136 3288 163
163 3223 230 3286 Nee
252 3243 317 3303 pai·
339 3244 372 3286 se
395 3242 595 3302 paeropaom
620 3226 746 3301 tempas
769 3223 892 3287 seritiie
915 3222 1123 3304 (irtemdmmst
1146 3224 1201 3288 Se-

76 3329 196 3388 motum
232 3325 271 3389 60
305 3347 417 3389 ieram
451 3329 539 3389 16616
569 3324 774 3406 placidoque
809 3327 937 3406 quieta·
960 3328 984 3390 ll
1007 3329 1070 3392 618
1094 3327 1200 3391 diram

74 3413 204 3493 66666
297 3429 428 3493 Sernota
456 3429 495 3493 ab
523 3429 645 3493 oenotris
671 3428 1004 3510 16166666666666
1028 3432 1141 3514 tempe:
1164 3431 1201 3494 lll

74 3535 128 3610 663
152 3531 192 3595 lV
216 3533 286 3596 288.

176 3643 302 3699 mutare.
347 3636 359 3698 l
386 3638 450 3701 670
472 3644 531 3700 eet.
554 3637 666 3700 videas
689 3634 749 3698 sub
773 3634 872 3699 verbo
896 3635 1002 3711 amira·
1025 3635 1117 3700 1681
1144 3634 1204 3698 Nil

76 3738 215 3818 referret
248 3739 335 3802 enim
442 3739 565 3803 666166
592 3776 618 3787 ··
648 3738 789 3802 ordine
813 3739 1000 3818 perelectam·
1024 3740 1067 3803 ibi
1089 3739 1201 3803 Meiss-
1302 3801 1304 3806 .

76 3861 187 3906 nerum
223 3863 251 3923 p.
285 3844 325 3906 38
361 3841 477 3906 ordino
510 3843 591 3906 salso
625 3863 683 3924 pro
718 3842 860 3907 ablativo
894 3843 1060 3907 relationis
1081 3842 1203 3907 habere

75 3951 211 4027 apparet
234 3963 273 4009 ex
296 3946 335 4008 iis
358 3964 442 4027 quae
465 3955 644 4028 sequuntur
666 3953 698 4009 et
720 3946 926 4010 antecedunt.

177 4053 342 4128 expellere.
387 4049 448 4111 *111
480 4050 542 4113 358
568 4047 736 4128 aaronque
765 4052 940 4128 praetereo
958 4047 1082 4128 perdit,
1105 4068 1203 4126 quom

179 4288 199 4353 ¹)
217 4290 337 4340 remotus
355 4286 379 4340 0
399 4291 485 4341 remot
502 4286 527 4351 Q
544 4292 649 4342 remoto
667 4291 812 4342 corrector
830 4286 971 4356 quadrati.
