2964 4890
637 434 743 518 Cum.
767 434 852 500 ΙΙΙ.

591 590 889 670 accusativus.

275 756 347 845 db.
327 756 438 826 rite
460 758 491 825 rt
515 759 547 825 ct
571 775 629 826 usn
652 756 826 827 accusativi
850 758 1000 825 universe
1022 754 1213 846 disputatur

282 912 464 979 docimatiri
499 914 677 998 linguarum
714 915 1048 996 indogermenicnrum
1084 914 1186 996 qualis
1209 915 1306 996 signi·

179 1016 285 1081 licatio
321 1014 414 1081 luerit
441 1017 628 1100 primigenia
657 1015 798 1083 nondum
834 1021 971 1096 constat,
995 1034 1191 1099 quamquam
1217 1017 1305 1081 multi

180 1118 280 1183 multa
310 1118 370 1183 bac
398 1118 437 1185 de
461 1137 495 1184 re
518 1121 549 1184 in
575 1119 712 1185 medium
737 1119 946 1202 protulerunt
991 1118 1138 1201 Namque
1160 1118 1210 1183 alii
1235 1139 1305 1183 orn-

179 1219 273 1285 nlbue
307 1219 436 1286 casibus
471 1222 532 1286 rim
568 1222 702 1287 localem
739 1219 925 1301 tribuentes,
955 1239 1028 1285 cum
1053 1223 1239 1286 accusativo
1264 1222 1305 1286 ad

179 1341 277 1405 cruam
301 1341 368 1389 rem
393 1323 503 1389 tendat
526 1324 611 1390 actio
635 1324 762 1407 proprie
785 1323 918 1406 exprimi
942 1328 1064 1405 putent,
1082 1324 1305 1389 varioestruc-

178 1432 267 1491 turas
301 1445 319 1492 e
354 1426 446 1492 locali
481 1427 612 1493 notione
649 1426 783 1510 proiecti
821 1425 981 1491 deducere
1014 1431 1112 1508 atoue
1146 1426 1305 1508 explicare

178 1530 287 1594 conati
322 1533 405 1607 sunt,
440 1528 491 1594 alii
514 1529 649 1595 localem
673 1530 938 1611 significationem
963 1547 1021 1611 pro
1044 1530 1223 1596 recentiore
1247 1529 1304 1596 lra-

178 1629 291 1698 bentee
324 1633 580 1713 grammaticam,
613 1636 647 1697 ut
669 1632 714 1697 ita
737 1631 851 1712 dicam,
877 1632 939 1696 rim
963 1638 996 1696 et
1018 1632 1181 1697 notionem
1206 1651 1304 1698 accu-

177 1735 243 1799 tiro
266 1730 506 1817 adscripserunt
551 1733 671 1800 Horum
696 1741 804 1801 autern
822 1734 948 1819 plurimi
961 1737 1193 1814 accusativum,
1207 1754 1302 1818 quem

177 1835 339 1904 verbalem
364 1839 564 1921 potissimum
590 1856 701 1904 cesum
730 1857 801 1904 esso
825 1843 1024 1919 nuncupant,
1047 1838 1206 1903 artissime
1230 1858 1302 1904 cum

177 1940 276 2007 uerbo
311 1942 510 2007 contendunt
544 1943 703 2024 coniungi,
739 1948 773 2006 ut
806 1939 894 2006 verbi
925 1942 1088 2006 notionem
1114 1940 1304 2007 determinet

176 2044 225 2111 vel
248 2045 391 2124 illustret,
417 2065 491 2110 uum
515 2045 634 2122 dicunt,
658 2051 693 2109 ut
716 2041 914 2109 Delbrucclii
940 2041 1045 2108 verbis
1068 2048 1150 2124 utar,
1167 2061 1303 2109 accusa·

176 2148 243 2214 tivo
266 2168 338 2214 eom
362 2168 429 2213 rem
455 2148 585 2213 indicari
608 2148 721 2225 solere,
746 2166 829 2230 (puae
852 2152 883 2212 et
907 2146 1052 2228 proxima
1076 2154 1107 2212 et
1130 2152 1199 2212 tota
1215 2144 1303 2213 verbi

175 2251 296 2317 actioni
319 2249 490 2317 subiuncta
513 2252 566 2331 sit;
589 2257 733 2316 ceterum
757 2250 988 2326 accusativum,
1014 2268 1086 2314 cum
1111 2249 1162 2314 illa
1185 2250 1225 2314 sit
1248 2269 1303 2316 ne·

176 2362 257 2433 tura,
296 2354 525 2436 antiquissimis
563 2351 761 2436 temporibus
800 2351 899 2417 multo
938 2350 1066 2417 liberius
1103 2359 1302 2434 usurpatum.

176 2462 290 2540 postea
314 2475 373 2521 usu
397 2463 428 2522 et
451 2458 576 2522 ratione
599 2462 734 2539 cogente
759 2453 930 2520 artioribus
950 2451 1303 2539 linilmscircumeorip·

175 2566 243 2624 tum
279 2579 350 2624 esse
385 2578 445 2625 nos
479 2564 620 2625 monent.
665 2558 784 2625 Verum
819 2559 869 2637 illi,
894 2558 951 2623 otei
975 2557 1015 2623 ad
1039 2559 1215 2624 accusativi
1238 2560 1300 2624 vim

175 2668 208 2728 et
242 2661 380 2727 indolem
407 2662 620 2745 indagandam
649 2661 896 2728 examinandam
922 2660 1207 2743 illustrandamque
1230 2680 1301 2746 per·

177 2764 276 2829 multa
306 2765 521 2846 contulerunt,
545 2765 798 2849 reprehendendi
822 2765 894 2830 ideo
918 2764 1075 2844 ridentur,
1099 2764 1185 2847 ‹puod
1210 2763 1302 2831 buius

175 2887 271 2934 casus
306 2870 470 2934 notionem
502 2875 567 2934 tam
603 2869 759 2934 incertam
794 2873 926 2950 tamque
960 2886 1074 2949 vagam
1107 2866 1302 2934 oeensibus

175 2988 308 3053 prorsus
343 2977 499 3036 remotam
529 2970 681 3037 lecerunt.
727 2974 797 3051 Qua
820 2968 859 3034 du
882 2989 982 3035 «rausa
1004 2987 1088 3052 <puae
1110 2966 1152 3034 ab
1174 2969 1233 3035 illis
1255 2970 1302 3036 el-

176 3074 241 3139 lata
274 3081 349 3139 sunt
383 3075 441 3140 etsi
476 3075 669 3157 perscrutari
702 3092 741 3139 ca
775 3079 873 3158 atque
896 3071 1036 3138 refutare
1060 3072 1145 3151 nolu,
1169 3091 1300 3138 accusa·

174 3178 240 3241 tiro
265 3179 410 3259 primitus
434 3179 527 3243 aliam
552 3178 817 3260 significationem
844 3175 950 3256 luisse,
968 3194 1050 3259 qliae
1067 3174 1214 3241 sensibus
1232 3196 1299 3241 rem

174 3280 277 3362 magis
300 3287 504 3363 proponeret,
529 3281 604 3345 milri
629 3280 773 3363 persuasi
788 3282 820 3365 ¹).
856 3276 905 3343 Ab
929 3278 1300 3344 lracsententianeDel·

175 3381 360 3448 brueclrium
396 3383 523 3465 quidem
553 3402 684 3466 [uorsus
707 3381 882 3448 abhorrere
906 3382 978 3447 inde
1001 3381 1194 3447 concludere
1218 3381 1300 3459 licet,

173 3486 260 3569 qund
284 3487 458 3551 araursatiri
493 3506 612 3568 genera
646 3484 687 3552 ab
721 3486 812 3552 locali
849 3504 907 3551 usu
942 3505 1035 3552 orsus
1059 3486 1154 3561 (etin
1184 3484 1246 3551 AS
1270 3493 1299 3551 ct

173 3590 204 3653 in
240 3589 342 3673 Sunt.)
367 3591 526 3666 tractarit,
560 3588 632 3654 licet
665 3594 763 3654 antea
785 3589 1030 3671 grammaticam
1055 3589 1218 3653 notionem
1245 3589 1300 3655 de-

173 3691 309 3757 tenderit
326 3700 360 3773 Ἄ).
406 3689 511 3776 litque
539 3691 652 3757 eodem
683 3690 747 3758 lere
771 3691 882 3758 ordine
906 3710 970 3774 quo
994 3692 1043 3756 ille
1067 3692 1172 3757 varias
1195 3697 1300 3757 struc-

173 3802 262 3859 turae
286 3794 462 3860 ecoueativi
487 3793 687 3861 examinabo.

277 3985 295 4052 ¹)
323 3982 475 4036 dorsusativl
504 3997 580 4036 rrsrtm
605 3996 620 4034 e
645 3980 722 4035 locali
752 3982 861 4036 notione
887 3981 1036 4036 derivatum
1061 3979 1185 4036 defendit
1205 3982 1297 4037 llroa-

176 4069 239 4123 llus
258 4067 273 4121 l.
294 4066 318 4136 l.,
339 4068 461 4136 inprimis
480 4072 497 4121 t.
518 4084 541 4122 a.
564 4068 628 4120 ltus
649 4082 693 4136 pp,
712 4067 856 4122 bid-litu.

275 4155 297 4223 ²)
316 4154 438 4208 Ceterum
459 4155 616 4208 conteratur
635 4152 861 4223 lirugmennus
880 4155 925 4208 Gr.
946 4154 991 4207 tlr.
1010 4169 1027 4222 p
1054 4155 1111 4206 200.
