2964 4890
470 507 500 563 2.
534 506 700 562 Loaeb'vus
719 509 752 562 ot
769 506 926 562 ablativus
945 506 1016 562 loci.
1088 574 1091 579 .
1197 552 1200 557 .

277 644 324 713 De
346 644 495 710 locativis
517 651 550 711 et
572 644 722 711 ablatlvis
750 645 813 711 loci
833 626 925 728 apud
938 644 1121 712 Lucretium
1136 664 1308 711 occurren·

170 746 262 812 tibus
286 740 469 813 disserenti
482 747 622 831 primum
646 747 780 813 nomina
803 748 943 830 propria,
959 746 1083 813 deinde
1098 747 1233 813 nomina
1249 767 1308 830 ap-

171 848 327 932 pellativa
347 850 545 933 perscrutari
566 849 683 934 placet,
711 849 865 933 quoniam
888 850 936 915 sic
958 850 1180 932 perspicuitati
1203 851 1308 934 magis

172 951 373 1033 consuletur,
396 970 495 1036 quam
519 953 547 1017 si
569 951 670 1021 verba
691 968 804 1017 casum
827 952 965 1019 localem
987 952 1158 1035 regentia
1147 971 1181 1017 m
1198 971 1308 1023 exem·

172 1055 238 1139 plis
259 1053 443 1121 adterendis
467 1054 731 1177 spectaverimus.

280 1209 319 1274 A.
363 1208 543 1275 Nomina
558 1207 747 1291 propriu.

281 1350 311 1395 a.
354 1330 529 1396 Nomina
551 1329 724 1395 urbium.

658 1482 834 1538 bocativna.

284 1589 419 1654 Nomen
425 1587 515 1654 urbis
526 1589 591 1654 hoc
605 1595 731 1654 tantum
747 1587 845 1654 loco
835 1606 869 1651 1n
884 1588 1024 1654 locatiso
1036 1589 1178 1671 positum
1190 1595 1309 1657 exstat:

282 1692 422 1774 Aegium
466 1691 508 1757 vl
529 1693 599 1757 585
615 1690 662 1757 In
685 1688 788 1773 spuo
811 1689 936 1756 Sidone
957 1690 1047 1771 quod
1062 1690 1184 1756 accidit
1170 1695 1229 1757 tet
1242 1691 1310 1774 fuit

177 1794 282 1879 Aepz
275 1792 351 1859 In
372 1794 608 1876 Peloponneso.

658 1946 830 2002 Ablab'vua.

282 2052 423 2117 Nomina
444 2050 571 2117 urbium
594 2052 645 2117 bis
666 2052 748 2117 locis
769 2057 957 2117 occurrunt:

282 2157 381 2221 Aulia
425 2153 437 2218 l
460 2155 503 2220 84
523 2154 657 2218 Aulid
664 2174 680 2219 e
703 2173 767 2234 quo
783 2157 883 2235 pacto
909 2152 1038 2218 Triviai
1060 2153 1308 2238 cirpinisuravu

179 2255 400 2339 Iphianassai
430 2260 616 2338 turparunt
644 2256 814 2341 sanquine
839 2255 935 2338 foede
957 2256 1122 2322 Ductores
1143 2256 1309 2322 Danaum

180 2358 306 2425 delecti.
377 2400 381 2406 -

283 2466 392 2529 dadae
435 2462 477 2528 Vl
500 2465 583 2529 1106
605 2463 693 2528 Nam
715 2461 799 2543 quid
815 2461 1010 2527 Brittannis
1030 2461 1158 2526 caelum
1174 2459 1310 2545 differre

180 2569 351 2648 nutamus
382 2564 431 2630 Et
462 2565 591 2646 quod
579 2585 617 2630 an
642 2566 791 2657 Aepypto
820 2569 877 2648 cst
906 2564 1115 2645 ···Quidve
1152 2564 1284 2644 quod
1270 2585 1310 2630 an

181 2667 288 2734 Ponto
322 2672 371 2733 est
403 2666 550 2753 defferre
583 2672 616 2734 et
602 2666 837 2732 tGada'bus
875 2672 973 2748 utque
1007 2667 1119 2748 Usque
1143 2667 1188 2731 ud
1207 2666 1311 2751 nipvu

181 2770 290 2836 uirum
306 2774 458 2854 pucocto
480 2771 590 2836 saecla
613 2768 740 2836 colore?

286 2874 355 2941 llnc
377 2875 450 2940 loco
473 2874 598 2955 llunro,
621 2875 741 2957 quippe
762 2875 818 2958 qui
836 2871 1041 2954 Brittannis,
1057 2873 1144 2956 quod
1160 2872 1311 2938 omnibus

181 2976 349 3044 codicibus
371 2978 635 3045 commendatum
658 2982 718 3054 est,
741 2977 783 3043 ad
805 2996 936 3042 sensum
957 2996 1023 3042 non
1039 2977 1201 3061 quadrare
1215 2983 1311 3059 puta-

181 3080 240 3162 ra't,
262 3078 452 3145 Brittanni·
464 3080 611 3146 coniecit
634 3080 746 3163 Neque
760 3087 871 3146 nmen
887 3080 1036 3145 codicum
1053 3075 1214 3162 scriptura
1225 3097 1312 3161 sper·

181 3184 290 3251 nenda
311 3182 448 3264 videtur,
470 3201 668 3267 quamquam
693 3201 757 3267 qua
779 3184 907 3249 ratione
929 3190 1019 3255 recte
1041 3183 1083 3247 sit
1103 3181 1312 3265 percipienda

181 3286 298 3353 dubius
307 3305 389 3351 sum.
415 3286 497 3351 Nam
510 3284 651 3352 tortasse
663 3306 737 3351 cum
750 3286 1015 3352 Bockemuellero
1026 3286 1244 3369 Briegeroque
1251 3304 1311 3367 pro

181 3390 291 3457 dativo
313 3388 435 3454 habere
456 3409 639 3472 possumus,
663 3390 690 3453 si
712 3408 807 3454 usum
830 3389 930 3454 dativi
955 3389 1179 3454 Lucretianum
1203 3389 1311 3453 cousi·

181 3492 344 3572 deramus‚
368 3510 441 3557 cum
465 3510 563 3575 saepe
581 3481 689 3557 exstet
701 3492 838 3572 dativus,
854 3490 909 3556 ubi
924 3493 1093 3575 genetivus
1107 3490 1185 3574 poni
1199 3490 1311 3573 potuit.

181 3596 279 3681 Atqui
308 3595 430 3661 rectius
459 3595 635 3661 ablativum
665 3596 763 3660 statui
789 3613 887 3678 posse
909 3602 997 3677 puto,
1021 3595 1174 3678 quoniam
1198 3593 1312 3658 Lucre

180 3701 254 3781 bns,
283 3698 317 3763 id
337 3698 432 3782 quod
456 3698 574 3778 'Munro
600 3700 670 3781 ipse
696 3699 737 3764 ad
765 3698 889 3764 111623
912 3697 1150 3773 animadvertit,
1173 3714 1312 3778 praepo·

181 3803 334 3869 sitionem
362 3801 511 3868 omittere
537 3802 620 3867 solet
647 3802 861 3867 antecedente
891 3801 940 3866 vel
969 3805 1126 3884 sequente
1148 3798 1312 3881 praeposi-

180 3906 280 3989 tione.
325 3902 475 3988 Namque
496 3904 624 3970 videtur
652 3911 750 3986 poeta
778 3905 886 3969 dicere
908 3904 1064 3968 voluisse:
1087 3901 1164 3986 quid
1186 3901 1312 3967 caelum

182 4007 270 4093 quod
303 4007 338 4073 in
356 4005 547 4073 'Brittannis
579 4007 626 4090 (in
659 4007 854 4091 Brittannia)
889 4012 938 4073 est
960 4008 980 4071 i.
1003 4025 1031 4071 e.
1053 4005 1113 4091 (in)
1135 4004 1313 4070 Brittannis

183 4110 221 4180 ὂν
252 4109 382 4177 differre
413 4116 575 4193 putamus,
615 4111 661 4175 uti
694 4129 715 4175 a
748 4110 905 4177 llunrone
938 4109 1117 4191 explicatur
1152 4105 1312 4187 Gadibus,

185 4232 285 4297 quare
318 4213 382 4278 loci
416 4215 585 4279 notionum
611 4215 749 4296 primam
784 4213 854 4296 pari
887 4219 986 4296 atque
1019 4215 1192 4294 sequentes
1214 4209 1313 4275 modo
