2964 4890
1222 238 1261 301 87

178 426 328 491 mortalis
362 427 445 489 Esse
479 426 607 492 3133133333
641 427 837 506 epirotasque
865 426 944 490 33333
966 430 1004 489 133
1026 447 1158 491 13333333
1176 425 1304 507 possis:

178 532 241 595 579
276 529 434 609 quopiam
468 530 677 594 333333333333133
709 552 811 595 eausa
841 531 1003 610 31333313,
1025 532 1109 594 *632
1132 529 1305 609 3133333333.

177 652 307 695 sorsum
331 633 415 696 oculi
437 653 545 712 3333113
567 654 668 697 uaros
690 655 750 699 3333
773 654 896 698 prauus
915 634 990 714 ipsa
1003 633 1085 696 Esse
1095 637 1206 713 potest
1220 632 1304 697 aui-

199 737 311 821 iae¹;)
344 739 403 803 641
442 737 580 816 183333333333
608 741 778 802 aeternam
800 737 874 799 3333
897 740 1056 801 uaturam
1080 735 1305 811 133333333333,

178 841 313 905 7753
277 844 313 903 at
343 861 413 904 33333
446 844 528 905 sitm
560 840 736 904 immorat
742 840 873 904 33313313
899 839 1044 921 pericla:
1067 840 1130 903 875
1153 838 1304 917 3333333313

177 946 330 1026 33333313
314 943 377 1023 ’333
409 943 548 1008 Credere
581 966 615 1007 33
651 966 746 1023 333313
749 964 898 1023 quau
886 943 957 1005 3333
986 962 1076 1006 33333
1078 963 1120 1003 11
1144 940 1181 1005 333
1203 944 1304 1003 3133333

178 1043 235 1123 fu
235 1066 351 1111 1313333
385 1048 448 1111 079
480 1046 588 1125 3133113
623 1045 800 1110 313···333
833 1044 901 1107 uita
934 1042 1156 1108 3133333133313
1176 1042 1304 1119 333333,

182 1149 263 1212 1040
285 1117 424 1212 Mortuo
447 1149 508 1211 3333
530 1149 599 1212 uita
623 1154 671 1210 est
685 1169 791 1229 prope
815 1147 881 1210 ium
904 1147 987 1210 uiuo
1012 1150 1111 1225 atque
1136 1144 1304 1223 oicleuti:

182 1251 264 1315 1050
287 1249 407 1328 (3133Η
427 1251 522 1314 ·Ν33
545 1250 690 1330 reperire
707 1271 752 1330 po
756 1254 839 1313 es
826 1248 936 1328 33333
940 1249 1066 1312 313133
1021 1248 1066 1311 333
1086 1268 1184 1328 serpe
1206 1246 1304 1310 moli:

181 1355 264 1417 1074
296 1352 334 1416 333
367 1374 486 1432 quor
458 1353 501 1416 ,333
528 1356 652 1416 morta
614 1352 758 1416 3333133
793 1352 899 1416 ommis
918 1270 1041 1431 ’313333
1071 1354 1201 1431 postm
1169 1353 1303 1414 3133333333

178 1474 265 1534 quae
298 1459 387 1518 333333
390 1460 403 1517 3
434 1477 541 1535 33333331
544 1478 572 1520 33
595 1457 784 1535 3333333333,
806 1456 937 1537 Brieger
959 1455 1150 1519 Lambinum
1173 1460 1304 1518 secutus

176 1558 300 1638 virgula
332 1565 407 1638 post
437 1579 576 1637 3333333333
598 1559 704 1639 positu
726 1558 826 1622 verba
850 1560 931 1622 male
955 1559 1131 1636 coniunxit;
1154 1556 1219 1620 *IV
1243 1556 1305 1619 104

178 1660 270 1724 011333
284 1660 389 1743 3333333
410 1665 523 1724 tepores
546 1660 731 1740 formarum
750 1660 833 1723 33333
850 1660 1037 1739 similesque
1061 1658 1216 1743 Effiqiae.
1250 1657 1303 1723 Sic

177 1765 405 1828 Lachmannus
438 1763 597 1845 probante
629 1765 806 1846 Bernaysio
840 1763 987 1827 codicum
1023 1763 1214 1842 scripturam
1237 1759 1302 1841 for-

175 1885 308 1929 marum
342 1865 580 1945 dissimilesque
614 1873 802 1947 commutat,
836 1868 955 1930 rectius
988 1865 1102 1928 Munro
1126 1884 1200 1928 cum
1222 1864 1303 1927 Pur·

176 1986 299 2032 manno
334 1968 424 2032 Suut
455 1969 560 2052 3333111·
588 1973 703 2032 leuues
725 1968 861 2048 formae,
885 1989 997 2032 rerum
1020 1967 1207 2046 similesque
1233 1965 1302 2050 effi·

174 2071 251 2152 33313
283 2072 424 2151 itemque
458 2072 589 2152 Brieger
621 2072 745 2153 virgula
771 2081 846 2153 post
867 2072 994 2152 3333333133
1017 2069 1145 2133 sublata
1167 2068 1302 2149 scripsit.

174 2174 238 2239 653
273 2173 356 2236 Esse
391 2173 553 2252 triquetra
583 2174 689 2254 133333,
714 2175 805 2237 aliis
829 2175 1195 2253 33113133333133333333333,
1221 2173 1302 2235 1075

173 2277 262 2340 Nam
286 2280 370 2339 33333
390 2281 513 2356 purast
533 2276 643 2341 ,3113133
665 2276 772 2359 33333333
794 2277 873 2342 333133
895 2277 1047 2357 uoluptas
1072 2276 1179 2355 03333333
1192 2273 1302 2337 mise-

174 2379 248 2459 333,
270 2379 298 2443 V
324 2383 384 2445 174
407 2379 535 2458 (33133333
557 2379 638 2442 moli
661 2380 776 2460 fuerat
795 2381 905 2445 333333
929 2401 998 2445 aori
1015 2402 1082 2444 3333
1098 2377 1301 2457 meorum)

174 2483 238 2547 509
261 2482 306 2546 M
308 2482 434 2546 3333333
457 2486 622 2545 astrorum
645 2503 738 2547 3333333
761 2504 846 2562 quae
869 2484 913 2547 333
927 2504 1029 2547 31331333
1045 2502 1223 2560 careamus:
1239 2483 1302 2545 530

174 2585 219 2647 M
222 2584 348 2648 3333313
382 2589 546 2648 astrorum
573 2605 659 2664 quoe
676 2585 809 2698 possuit
832 2607 899 2650 esse
916 2607 981 2667 per
1004 2607 1115 2665 3333333,
1138 2586 1218 2649 *881
1241 2605 1301 2664 po-

176 2690 222 2750 33
225 2691 275 2750 as
309 2687 399 2752 Hiar
431 2688 525 2752 3333313
552 2689 684 2769 partis
710 2689 803 2751 utsi
774 2709 894 2769 sopor
922 2711 989 2754 3333
1015 2710 1060 2769 po
1064 2692 1150 2751 333
1175 2688 1302 2768 scripsit

176 2791 413 2871 LachmanuuS,
447 2791 501 2855 ubi
535 2793 664 2855 codices
688 2789 1301 2871 13333033331315311133333331333333311·

173 2891 268 2957 illiue
285 2914 354 2973 par
375 2893 425 2956 uis
448 2898 487 2957 313
507 2914 577 2958 33333
599 2894 643 2957 333
664 2893 703 2979 (0
726 2899 782 2957 333
802 2893 841 2977 Q)
859 2915 944 2974 pars
968 2916 1035 2958 3333
1054 2915 1098 2975 po
1103 2898 1301 2974 333,1311313

173 2996 314 3059 editores
338 2998 444 3061 multis
467 2999 571 3062 modis
594 2999 767 3062 emendare
790 2999 899 3062 conati
921 3006 1004 3061 sunt.
1037 2997 1230 3078 Bernaysius
1241 3015 1301 3075 po-

177 3102 276 3162 3333133
308 3100 399 3164 333333
425 3100 517 3165 illiue
545 3101 669 3181 parilis
692 3101 766 3180 quis
788 3121 858 3165 33333
880 3120 1051 3180 superesse
1068 3099 1203 3181 potissit
1224 3117 1300 3179 pro-

174 3203 292 3283 posuit,
315 3204 429 3267 Munro
452 3205 493 3267 ad
516 3205 663 3268 codicum
687 3204 880 3285 scripturam
902 3204 1047 3285 proxime
1069 3202 1230 3266 accedeus
1240 3221 1300 3281 po-

175 3309 275 3368 3333133
296 3305 386 3369 llius
409 3305 502 3370 3333333
524 3306 638 3385 visque
661 3310 789 3371 33331333
812 3310 866 3370 sat
883 3326 952 3387 par
968 3326 1034 3369 esse
1045 3303 1178 3385 potissil
1193 3311 1300 3367 traus-

173 3408 325 3490 ponendo
359 3409 551 3488 emendavit,
585 3409 716 3490 Brieger
747 3410 956 3473 Lachmanno
979 3408 1192 3488 adstipulatus
1209 3410 1300 3486 pote-

173 3515 244 3573 slas
266 3510 355 3574 Hirtr
377 3510 469 3575 3333333
487 3510 598 3591 partis
621 3515 660 3573 ut
681 3532 831 3591 3333333133·
847 3509 1059 3591 3333331313333
1079 3510 1184 3573 edidit.
1218 3508 1300 3587 Quid

174 3614 340 3694 scripserit
361 3620 459 3695 pocta
480 3617 639 3679 incertum
663 3622 719 3680 cst.
698 3617 902 3679 312013
853 3614 902 3677 Et
921 3613 1022 3677 simili
1044 3611 1189 3692 formata
1156 3611 1299 3674 313311-

175 3715 258 3780 tout
279 3737 346 3779 3333
367 3717 479 3799 31313133
501 3717 608 3795 Atque
625 3715 979 3796 33333333333333333333313
992 3721 1185 3799 resipio
1194 3714 1300 3793 31,3111

276 3977 297 4038 ¹)
315 3974 423 4027 3333333133
439 3974 503 4028 Pius
522 3976 637 4028 coniecit
654 3991 703 4042 pro
721 3973 822 4027 auimo.

276 4060 297 4127 ²)
325 4059 365 4111 De
391 4059 545 4113 huiusmodi
570 4061 714 4114 structuris
741 4057 1255 4126 33313133311331113111138313331133
1274 4073 1300 4124 p.

174 4146 214 4213 50,
233 4145 360 4198 Ziemer
377 4145 429 4198 Str.
448 4163 474 4214 p.
493 4148 525 4198 75
543 4164 569 4214 q.
