2964 4890
215 223 266 287 68.
349 239 352 244 ’

172 411 225 475 alii
248 448 288 456 -
311 429 385 474 cum
420 410 528 473 dativo
561 428 630 473 rem
658 410 690 472 in
718 428 815 491 quam
842 409 932 475 verbi
961 412 1046 476 actio
1069 411 1181 476 tendat
1204 413 1305 492 signi-

173 514 262 578 ficari
295 520 417 594 putent,
447 513 565 594 quain
587 531 622 576 re
645 511 687 576 ab
709 514 897 577 accusativo
919 514 965 577 ita
988 513 1122 594 differat,
1145 521 1181 577 ut
1204 533 1304 578 accu-

173 617 295 680 sativus
329 615 370 678 ad
405 614 579 678 adventum
613 615 720 695 potius
753 623 785 678 et
811 615 988 690 introitum,
1017 616 1144 681 dativus
1166 617 1209 680 ad
1231 636 1305 681 mo-

172 718 269 783 rendi
284 723 394 781 actum
407 722 531 797 spectet
543 718 577 800 1).
611 717 692 780 Huic
704 720 883 782 sententiae
895 718 1134 795 Delbrueckius
1152 738 1227 782 curn
1244 737 1306 782 an-

173 831 227 887 tea
250 841 284 887 se
308 822 523 903 applicuisset,
548 823 730 902 nuperrime
755 823 799 903 (ct
820 824 853 885 in
876 822 940 887 AS
962 829 995 887 et
1017 823 1049 885 in
1072 822 1173 906 Synt.)
1190 822 1306 887 adver·

176 934 266 990 satus
299 933 348 989 est
380 924 422 988 ad
456 924 715 988 adversariorum
746 931 872 1006 partem
895 926 1050 1006 paulatim
1072 933 1305 1006 transgressus.

174 1028 222 1093 Ac
255 1026 467 1091 Delbrueclrio
502 1027 630 1107 quidem
653 1026 789 1090 anobis
820 1035 869 1092 est
892 1028 1136 1092 concedendum
1160 1028 1304 1092 dativum

174 1140 241 1195 tam
264 1148 339 1193 raro
362 1129 457 1192 locali
478 1128 711 1209 significatione
733 1130 766 1192 in
787 1130 902 1210 linguis
925 1130 1195 1210 indogermanicis
1211 1150 1305 1194 usur-

174 1240 289 1315 patum
317 1250 399 1310 esse,
423 1237 458 1294 ut
480 1232 667 1295 universum
690 1231 789 1295 dativi
811 1252 906 1295 usum
929 1233 956 1295 si
979 1233 1189 1313 respiciamus
1212 1232 1306 1297 facile

173 1336 216 1400 ad
239 1334 483 1416 grammaticam
507 1334 674 1397 notionem
690 1333 924 1398 defendendam
940 1335 1039 1398 simus
1051 1336 1212 1417 propensi.
1245 1335 1306 1398 Alii

176 1457 255 1503 vero
286 1436 372 1519 quod
395 1437 521 1500 dativus
543 1436 639 1515 vulgo
662 1437 756 1500 locali
778 1442 896 1500 natura
920 1436 1048 1501 abiecta
1069 1436 1111 1500 ad
1132 1456 1186 1501 res
1208 1455 1306 1501 sensu

175 1541 278 1621 magis
312 1540 494 1604 abstractas
527 1538 687 1602 adhibitus
720 1547 779 1619 est,
809 1540 841 1603 id
871 1560 910 1604 ea
936 1559 971 1604 re
994 1539 1115 1603 lactum
1139 1558 1211 1604 esse
1235 1558 1305 1604 mo-

176 1650 264 1719 nent,
299 1642 385 1724 quod
419 1643 632 1715 accusativus
668 1649 702 1705 ut
725 1649 774 1706 est
797 1661 893 1706 casus
917 1643 1045 1723 proprie
1067 1640 1216 1721 verbalis,
1240 1643 1306 1706 sive

177 1748 283 1812 nudus
317 1747 384 1810 sive
411 1765 428 1810 e
455 1746 693 1826 praepositione
716 1746 861 1826 pendens
884 1745 926 1809 ad
949 1751 1075 1809 motum
1098 1743 1212 1826 aliquo
1236 1764 1306 1810 ver-

176 1871 248 1915 sum
282 1848 526 1930 exprimendum
560 1849 688 1929 saepius
722 1848 846 1929 positus
876 1849 927 1913 sit.
970 1848 1077 1929 Atque
1098 1849 1306 1912 remotiorem

176 1953 275 2019 dativi
306 1952 396 2016 latini
429 1952 596 2014 notionem
623 1970 641 2015 e
671 1951 766 2014 locali
798 1971 858 2014 usu
893 1950 1043 2014 facillime
1066 1951 1142 2014 oriri
1163 1952 1306 2032 potuisse

179 2055 272 2121 nobis
305 2054 491 2118 testimonio
524 2059 599 2117 sunt
621 2054 748 2134 linguae
770 2054 979 2133 germanicae
1002 2061 1033 2117 et
1055 2055 1254 2134 romanicae,
1277 2054 1307 2116 in

177 2159 294 2240 quibus
322 2158 448 2221 dativus
470 2155 762 2237 praepositionibus
784 2157 921 2236 exprimi
944 2157 1026 2219 solet
1049 2174 1133 2236 quae
1156 2156 1197 2220 de
1219 2162 1308 2220 motu

179 2262 308 2344 proprie
330 2266 535 2340 usurpantur.
568 2259 659 2322 Adde
683 2259 770 2340 quod
791 2259 824 2321 in
847 2258 978 2322 fennioa
1000 2259 1108 2339 lingua
1123 2258 1222 2322 dativi
1236 2280 1306 2323 mu-

176 2383 253 2430 nere
289 2363 466 2442 lunguntur
499 2381 604 2441 casus,
640 2380 721 2443 quos
744 2364 879 2442 apparet
901 2362 1021 2425 locales
1044 2380 1126 2437 esse,
1150 2361 1305 2441 allativus‚

175 2469 269 2533 cuius
302 2465 580 2546 frequentissimus
613 2483 691 2528 usus
714 2464 824 2530 localis
847 2470 906 2544 est,
931 2472 963 2528 et
985 2464 1306 2544 genetivus-dativus,

177 2590 276 2654 quem
298 2588 412 2633 casum
434 2586 452 2631 e
474 2574 583 2648 vetere
606 2569 703 2632 lativo
727 2574 833 2633 ortum
858 2587 931 2632 esse
955 2574 1093 2632 constat.
1123 2566 1247 2646 Quibus
1269 2567 1307 2630 de

177 2674 288 2739 causis
322 2688 520 2754 quamquam
553 2689 606 2734 res
640 2672 726 2734 nullo
750 2671 847 2735 modo
876 2671 980 2735 evinci
1001 2675 1118 2751 potest,
1141 2670 1220 2733 mihi
1242 2670 1307 2734 veri

177 2777 281 2840 simile
314 2776 440 2839 videtur
465 2775 498 2837 in
521 2774 629 2837 dativo
654 2781 686 2838 et
707 2776 806 2838 latino
830 2782 862 2838 et
884 2774 1020 2838 aliarum
1043 2792 1127 2854 quae
1149 2779 1307 2853 cognatae

177 2886 255 2943 sunt
288 2880 467 2958 linguarum
495 2878 680 2958 primariam
703 2877 839 2940 localem
862 2876 960 2940 fuisse
982 2876 1158 2955 notionem,
1182 2894 1223 2939 ex
1245 2893 1308 2956 qua

179 3001 246 3062 quo
271 2981 369 3045 modo
394 2980 491 3044 ceteri
514 2979 663 3042 fluxerint
685 2999 763 3042 usus
785 2978 868 3042 infra
891 2976 1131 3042 demonstrabo.

283 3222 302 3288 ¹)
329 3219 377 3271 Cfr
396 3218 548 3271 Brealius
567 3219 583 3270 l.
603 3219 620 3270 l.
640 3224 659 3270 t.
679 3234 702 3271 a.
723 3219 789 3270 1895
807 3235 833 3285 p.
852 3218 911 3270 281:
932 3215 1010 3269 Ainsi
1028 3215 1183 3269 l'accusatif
1199 3231 1308 3283 merque

178 3306 203 3358 le
231 3305 285 3357 lieu
309 3306 344 3356 oi1
363 3305 416 3356 l'on
435 3320 468 3356 va
485 3306 617 3368 (revertor
634 3303 766 3372 domum)‚·
784 3304 809 3357 le
828 3295 902 3356 detis
918 3304 942 3355 le
962 3302 1015 3354 lieu
1034 3300 1100 3354 dont
1118 3317 1152 3353 on
1171 3301 1308 3368 approche

178 3390 219 3456 (it
238 3388 339 3442 cluntor
356 3388 449 3454 caelet·
468 3389 509 3441 cfr
527 3406 554 3456 p.
572 3391 622 3441 2a3
642 3406 680 3456 sq.
