2964 4890
212 193 253 256 Ἃ

169 379 339 462 posteriori
371 379 501 460 proprie
536 376 747 459 subiungitur,
782 379 897 444 deinde
930 399 1014 462 quae
1046 380 1237 447 affirmando
1264 388 1298 446 et

172 500 256 565 quae
288 482 437 563 negando
469 482 607 545 eandem
639 483 834 547 sen'eentiam
867 484 1048 564 exprimant
1079 485 1188 550 multis
1216 486 1298 550 locis

172 585 340 650 consociat
373 585 461 648 velut
495 584 537 648 IV
570 586 632 649 755>
655 604 741 664 quac
764 584 877 648 rideat
898 605 1002 665 (reque
1023 585 1090 650 Nec
1112 586 1226 652 avinus
1249 592 1298 652 ot-

174 708 237 767 que
270 686 354 751 oculi
388 693 420 751 et
456 689 538 752 1190
570 685 599 749 oi
633 685 711 749 bello
736 686 1297 774 avvtmostetaonodiosa1),tum

172 789 347 854 ablativum
370 777 468 871 saepe
490 789 532 853 ad
555 807 688 853 causam
711 789 917 854 indicandam
940 790 1038 855 libere
1061 798 1196 873 usurpat
1214 811 1241 857 e.
1253 812 1298 873 gr.

171 894 184 958 1
216 894 279 958 209
316 891 474 971 paeonium
507 890 643 956 inseritis
672 896 850 972 praestare
883 891 1031 956 aidanus
1054 892 1153 959 Cultu
1175 894 1245 960 locu
1269 897 1301 958 et

174 994 329 1059 munibus
351 993 494 1058 melioris
516 995 654 1058 reddere
674 993 762 1074 fetus
785 994 847 1078 (cfr
866 995 891 1059 Η
907 998 988 1062 1165
999 1016 1163 1062 munuum
1181 1033 1188 1046 ·
1212 996 1299 1062 labo-

174 1096 248 1181 res).
292 1096 382 1176 Quae
405 1116 477 1161 cum
501 1098 547 1161 ita
569 1098 641 1176 sint,
665 1097 813 1161 codicum
837 1099 1028 1179 scripturam
1052 1100 1094 1163 ad
1115 1100 1214 1164 totius
1237 1101 1300 1165 loci

175 1218 307 1265 sensum
339 1200 441 1263 multo
475 1201 578 1280 magis
611 1199 771 1280 quadrare
794 1219 892 1281 quam
914 1200 1055 1282 Briegeri
1077 1203 1300 1268 coniecturam

176 1321 281 1385 neque
313 1303 377 1367 ullo
410 1303 508 1367 modo
542 1321 563 1366 a
595 1303 733 1366 Lucretii
755 1322 906 1368 sermone
929 1302 1105 1369 abhorrere
1126 1325 1185 1387 pro
1208 1312 1299 1371 certo

175 1404 289 1470 haheo.

279 1507 400 1572 Deinde
423 1508 505 1571 haec
526 1506 626 1571 verba
648 1508 804 1572 sentiendi
827 1527 1017 1589 proponam.

280 1615 404 1675 credere
426 1611 648 1675 accusativum
670 1611 818 1692 acquirit:
841 1611 854 1674 l
880 1612 961 1676 1052
982 1609 1010 1674 I
1011 1611 1094 1675 llud
1116 1611 1154 1677 ia
1177 1611 1228 1676 his
1250 1633 1301 1677 re-

179 1714 238 1778 bus
268 1715 363 1797 inape
384 1711 464 1796 supe
487 1713 627 1788 credere,
650 1712 797 1777 Memmi
843 1711 953 1777 Altero
975 1714 1058 1792 loco,
1082 1733 1178 1797 quem
1201 1734 1302 1797 prave

178 1818 284 1882 attulit
305 1815 460 1881 Meissner
481 1835 510 1897 p.
533 1820 584 1895 65,
608 1818 702 1881 1697
728 1813 842 1879 Credit
863 1814 951 1880 cniva
973 1836 1091 1880 sensus
1114 1816 1226 1899 ipacm
1253 1838 1302 1882 eo·

177 1940 333 2004 paoscere
361 1939 446 2000 uere,
469 1917 585 1983 Cetera
607 1938 677 1982 aton
700 1917 804 1982 eredit
824 1918 1047 1983 accusativum
1070 1937 1088 1983 e
1110 1939 1302 2003 euanescere

178 2024 319 2106 pendere
352 2042 426 2087 curn
459 2021 616 2086 Munrone
642 2027 731 2102 puto.
777 2020 847 2084 Huc
869 2021 1003 2101 accedit,
1027 2023 1114 2103 quod
1136 2023 1302 2103 passivum

179 2128 320 2192 occurrit
351 2124 440 2189 velut
471 2124 569 2188 1694
598 2124 686 2188 arride
709 2122 821 2188 ouvrviu
844 2123 968 2188 creditu
984 2125 1155 2204 pendeat·
1176 2124 1218 2190 IV
1240 2127 1304 2191 852

178 2230 271 2294 Haec
294 2229 397 2312 ipituv
415 2230 560 2309 possunt
584 2225 698 2290 utendi
721 2225 853 2309 copnitu
874 2225 1132 2292 cutcsuCredicr.
1161 2228 1306 2293 Intrans·

177 2333 253 2396 itive
276 2332 384 2395 dativo
407 2331 596 2411 plerumque
620 2328 729 2392 addito
751 2329 880 2410 saepius
899 2330 1038 2410 ponitur,
1055 2330 1103 2394 cir
1114 2330 1174 2395 sub
1187 2332 1306 2397 dativo.

282 2438 446 2498 adcredere
480 2452 556 2496 cum
589 2432 776 2496 accusativo
812 2433 1017 2514 coniungitur
1051 2434 1115 2498 hoc
1147 2435 1234 2499 loco:
1268 2434 1307 2498 111

179 2539 241 2605 856
263 2536 361 2618 facile
384 2535 449 2600 hoc
473 2535 653 2599 adcredere
671 2534 791 2615 poesie.

282 2643 464 2705 consentire.
486 2638 512 2701 Π
535 2641 594 2701 ili
621 2636 715 2715 Quove
736 2658 845 2718 aeque
858 2638 981 2703 conecti
993 2643 1307 2719 ptvoqtvumpotuere

180 2764 287 2824 acque
321 2742 412 2806 uum
439 2740 579 2805 Vitatis
602 2744 726 2805 neotus
750 2741 935 2806 cormeatire
959 2745 1058 2821 utpote
1079 2741 1217 2823 imitari,
1242 2761 1307 2824 quo

180 2849 252 2913 ioco
285 2846 440 2910 Meissner
472 2864 501 2926 p.
523 2845 563 2909 57
589 2843 832 2908 Lachmannum
856 2851 987 2909 secutus
1010 2851 1124 2916 contra
1146 2845 1307 2909 Hoitzium

180 2951 246 3014 Lin.
268 2969 297 3031 p.
320 2951 361 3014 36
383 2948 605 3012 accusativum
632 2966 698 3011 non
710 2946 815 3010 solum
828 2947 871 3011 ad
883 2946 1018 3027 ianitori,
1030 2966 1143 3012 verum
1155 2948 1308 3012 etiamad

180 3051 365 3118 covtseatire
386 3049 498 3116 referri
520 3057 670 3131 oportere
692 3057 781 3114 recte
804 3050 909 3130 docet,
927 3051 1013 3132 quod
1025 3049 1210 3115 consentire
1221 3051 1306 3114 idem

180 3157 286 3222 valeat
316 3162 414 3237 atque
447 3173 519 3218 tenu
541 3152 674 3234 sentire,
698 3172 761 3235 quo
795 3172 894 3218 sensu
916 3152 1063 3219 absolute
1085 3159 1261 3235 usurpatur
1282 3153 1308 3216 Π

180 3263 255 3338 9153
285 3258 324 3321 lli
357 3258 428 3336 15&
457 3258 528 3335 1693
551 3259 622 3320 801.
666 3256 704 3319 Et
727 3255 903 3336 Lucretiae,
926 3255 981 3319 ubi
1004 3256 1068 3320 duo
1091 3255 1200 3335 verba,
1223 3273 1309 3338 quae

181 3363 349 3428 dissimiles
382 3379 478 3424 casus
509 3366 635 3440 regunt,
667 3360 752 3423 inter
784 3378 820 3423 se
855 3360 1029 3440 coniungit,
1063 3378 1160 3440 quem
1194 3377 1307 3423 casum

183 3465 353 3549 posteriori
375 3462 616 3528 accommodari
637 3463 765 3543 proprie
788 3464 938 3544 oportuit,
962 3481 1036 3527 eum
1048 3468 1124 3527 ante
1136 3463 1224 3543 prius
1236 3480 1308 3527 ver·

180 3572 260 3636 bum
282 3570 361 3634 alias
383 3586 513 3649 quoque
535 3566 677 3648 apponit,
701 3566 822 3630 veluti
844 3567 905 3631 927
929 3565 971 3630 IV
991 3565 1071 3630 ‘loir
1081 3585 1110 3647 p.
1125 3565 1308 3645 16;111163

181 3674 229 3739 cir
251 3691 349 3753 supra
370 3691 399 3752 p.
422 3672 477 3749 ‘233
499 3669 537 3732 lli
559 3670 631 3748 3553
654 3668 694 3732 Vl
717 3672 788 3749 8163
811 3668 836 3731 ll
862 3669 921 3732 113
945 3667 991 3732 cfr
1007 3666 1067 3733 sub
1084 3668 1192 3732 dativo
1205 3667 1307 3752 dyna-

181 3774 587 3858 mi003V1103a1514.
706 3791 708 3795 ’
1061 3789 1063 3793 ’

284 3880 365 3944 Tum
398 3877 498 3943 verba
531 3874 646 3957 quibus
679 3875 830 3956 loquendi
864 3874 914 3939 vei
947 3875 1089 3956 spirandi
1110 3875 1201 3938 notio
1223 3874 1308 3939 inest

284 4133 759 4202 &mmmmmpffim
