2964 4890
476 1007 479 1015 '
570 991 901 1068 Praemonenda.

247 1179 292 1243 lle
314 1179 346 1244 vi
368 1178 401 1244 et
423 1197 483 1244 usu
505 1195 635 1243 casuum
657 1176 831 1242 latinorum
853 1176 1003 1242 universe
1025 1174 1219 1262 disputatur.

277 1350 311 1414 lu
344 1350 458 1431 linguis
480 1349 762 1429 >ind0germanicis
785 1354 860 1412 octo
884 1366 995 1420 casus:
1018 1348 1300 1412 nominativum

171 1440 399 1518 vocativum*
417 1451 689 1516 accusativum
711 1451 933 1531 genetivum
958 1450 1127 1514 dativum
1160 1451 1301 1514 instru-

173 1556 380 1621 mentalem
413 1555 579 1619 localem
612 1553 828 1618 ablativum
851 1554 1081 1634 antiquissimis
1102 1553 1301 1635 temporibus

173 1665 347 1740 usurpatos
376 1677 449 1722 esse
471 1658 711 1722 iamxcouvenit
732 1658 815 1720 inter
837 1674 961 1736 omnes,
987 1657 1041 1737 qui
1064 1674 1200 1720 casuum
1223 1657 1301 1721 doe·
1404 1732 1407 1737 ,

171 1763 278 1826 trinae
311 1760 577 1842 pervestigandae
608 1778 741 1841 operam
764 1765 933 1823 navarunt.
976 1759 1124 1839 Namque
1147 1766 1222 1824 octo
1246 1778 1301 1824 ea-

174 1885 232 1930 sus
253 1872 289 1929 ut
322 1865 468 1928 omittam
502 1863 535 1926 in
567 1863 676 1943 lingua
708 1862 815 1926 indica
849 1868 881 1925 et
914 1863 947 1925 in
973 1861 1246 1942 avesticaluisse,
1269 1863 1303 1926 in
1398 1940 1400 1942 v

172 1971 222 2034 eis
255 1985 384 2049 quoque
406 1965 532 2047 linguis,
556 1965 672 2047 quibus
694 1966 799 2029 minor
822 1983 957 2028 casuum
979 1982 1133 2028 numerus
1156 1966 1303 2046 proprius

173 2079 236 2152 est,
260 2072 405 2154 primitus
428 2071 535 2152 plures
558 2069 718 2134 adhibitos
741 2073 818 2144 esse'¹
832 2069 891 2132 viri
909 2069 996 2133 docti
1007 2069 1194 2132 certissimis
1205 2087 1303 2150 argu·

178 2176 294 2240 mentis
327 2174 546 2239 ostenderunt.
590 2173 625 2236 ln
656 2173 705 2236 his
729 2174 814 2236 enim
836 2173 951 2253 linguis
974 2178 1105 2253 propter
1126 2171 1304 2236 formarum

174 2278 415 2343 similitudinem
438 2285 470 2340 et
492 2275 762 2357 significationum
785 2276 1057 2357 propinquitatem
1074 2295 1148 2340 cum
1159 2276 1304 2340 nonnulli

107 2405 110 2410 ·
175 2399 274 2444 casus
308 2380 524 2460 evanuissent,
559 2378 681 2444 sactum
715 2386 774 2460 est,
809 2386 845 2443 ut
867 2378 996 2443 casibus
1019 2380 1168 2443 notiones
1190 2379 1304 2443 admo—

175 2484 255 2546 dum
288 2483 456 2546 dissimiles
489 2485 753 2564 exprimerentur.
799 2482 921 2561 Quibus
952 2481 1049 2547 rebus
1076 2484 1191 2560 evenit,
1215 2485 1305 2546 utin

178 2586 286 2667 lingua
308 2585 408 2649 latina
430 2604 486 2649 sex
508 2592 758 2650 numerarentur
780 2605 889 2650 casus:
912 2586 1174 2649 nominativus
1190 2605 1304 2651 voca-

177 2689 282 2751 tivus
315 2689 563 2752 accusativus
598 2690 800 2769 genetivus
823 2689 976 2752 dativus
998 2689 1206 2770 ablativus,
1231 2708 1305 2754 cum

179 2797 290 2854 sextus
325 2809 420 2854 casus
443 2810 510 2855 non
532 2792 636 2855 solum
660 2791 790 2856 ablativi
812 2793 931 2872 proprii
953 2810 1087 2856 munere
1110 2790 1304 2874 fungeretur,

179 2895 238 2958 sed
261 2895 359 2958 etiam
381 2895 492 2959 localis
514 2901 547 2959 et
568 2895 821 2959 instrumentalis
843 2900 951 2975 partes
975 2897 1178 2976 suscepisset.

284 2996 374 3075 Quae
412 3016 486 3061 cum
522 2999 567 3061 ita
599 2999 672 3078 sint,
706 2999 738 3060 iu
773 2997 900 3061 casibus
933 2998 1039 3061 latinis
1071 3000 1247 3062 tractandis
1280 3000 1307 3062 si
1342 3015 1344 3018 ·

180 3101 252 3181 quis
287 3099 383 3180 paulo
417 3101 599 3164 accuratius
633 3119 728 3181 agere
764 3100 838 3180 vult,
874 3101 932 3163 nisi
959 3101 1138 3181 linguarum
1162 3102 1306 3166 eiusdem

182 3203 288 3283 stirpis
321 3220 383 3283 ope
418 3221 484 3266 uon
513 3204 649 3266 multum
672 3202 805 3284 proficit.
849 3203 929 3266 Nam
954 3204 1094 3268 maxime
1116 3204 1307 3268 illustratam

181 3323 254 3369 csse
288 3306 448 3387 syntaxim
471 3306 613 3386 latinam,
638 3304 692 3369 ubi
715 3306 841 3387 linguae
863 3306 1145 3387 indogermanicae
1168 3308 1250 3371 iuter
1272 3326 1307 3372 se

182 3410 363 3490 comparari
398 3415 533 3490 coeptae
564 3415 649 3489 sunt,
683 3428 779 3473 nemo
814 3416 863 3473 est
885 3410 963 3492 quin
986 3411 1152 3474 concedat.
1197 3411 1308 3491 Neque

184 3518 292 3576 tamen
326 3512 384 3575 viri
406 3512 592 3587 doctissimi,
616 3530 700 3593 quae
723 3513 764 3575 sit
787 3513 833 3574 vis
856 3519 888 3576 et
910 3511 1099 3592 significatio
1122 3513 1310 3594 primigenia

182 3632 318 3679 casuum
340 3615 687 3695 iudogermanieorum,
711 3634 769 3697 pro
793 3623 882 3679 certo
900 3614 1061 3679 affirmare
1076 3621 1221 3695 possunt,
1236 3634 1309 3678 cum

183 3735 319 3782 casuum
341 3717 462 3781 suffixis
486 3719 589 3799 qualis
612 3717 802 3799 significatio
824 3717 995 3781 tribuenda
1018 3718 1058 3780 sit
1073 3718 1147 3781 sciri
1159 3724 1308 3799 nequeat.

184 3817 311 3884 Illorum
341 3839 429 3901 vero,
455 3822 508 3902 qui
532 3840 667 3886 casuum
690 3821 869 3885 doctrinam
892 3826 1083 3900 tractarunt,
1108 3820 1194 3884 haud
1217 3823 1311 3902 pauci

186 3940 290 4010 casus,
323 3942 399 3987 cum
431 3924 525 3988 locali
558 3923 791 4005 significatione
821 3925 949 4006 proprie
972 3929 1080 3987 essent
1102 3924 1246 4004 praediti,
1271 3925 1317 3988 ad·

186 4028 333 4092 notiones
356 4029 546 4092 remotiores
566 4028 754 4092 indicandas
766 4035 840 4109 post
851 4033 1024 4108 usurpatos
1037 4045 1109 4091 esse
1122 4026 1310 4106 docuerunt,

185 4147 280 4208 quam
316 4131 511 4195 sententiam
545 4150 609 4195 non
644 4131 794 4195 omnibus
827 4129 1054 4212 probaverunt.
1099 4129 1182 4193 Nam
1219 4130 1313 4212 longe
