2964 4890
215 336 238 400 4

174 539 415 606 similitudinem
445 546 475 605 el
503 538 706 624 frequentem
735 540 865 605 ablativi
894 560 988 607 usum
1017 543 1174 627 paulatim
1196 545 1306 612 exole-

174 644 284 724 vissat,
321 641 481 708 ablativus
517 644 668 727 proprius
703 644 847 709 muneris
878 663 947 728 ¹quo
981 644 1094 713 localis
1127 647 1307 737 antiquitus

174 745 304 812 iunctus
326 752 396 811 erat
418 751 528 829 partes
550 746 693 828 suscepit
715 752 814 829 atquc
837 747 1097 829 praepositiones
1118 748 1216 815 locali
1230 768 1308 833 pro-

175 849 243 932 prie
271 848 398 914 additas
420 846 482 912 sibi
505 848 650 913 adscivit
694 847 800 913 Nihilo
823 847 930 913 minus
952 849 1038 933 apud
1061 850 1239 934 scriptores
1259 853 1308 917 la-

173 953 260 1018 tinos
287 952 374 1016 haud
406 969 533 1034 paucae
559 957 786 1017 remanserunt
812 951 1004 1032 locutiones,
1028 952 1145 1036 quibus
1167 955 1254 1021 inest
1275 964 1308 1023 et

173 1054 279 1121 forma
301 1062 333 1120 et
354 1055 545 1137 significatio
577 1073 676 1119 casus
709 1054 832 1135 localis,
869 1072 954 1138 quae
976 1061 1053 1139 apte
1074 1055 1194 1124 ubido
1216 1056 1308 1123 abla-

173 1161 241 1224 tivo
273 1160 368 1225 locali
401 1159 507 1242 agitur
538 1145 674 1241 proferri
706 1164 853 1242 possunt.
897 1158 1004 1239 Quam
1037 1159 1080 1226 ob
1111 1178 1184 1227 rem
1222 1162 1308 1247 apud

173 1263 358 1328 Lucretium
390 1266 544 1327 accurate
566 1260 670 1345 qualis
702 1259 797 1326 fucrit
819 1259 868 1325 vis
891 1269 923 1327 et
944 1281 1024 1327 usus
1044 1262 1187 1342 locativi,
1211 1283 1307 1348 quem

174 1364 342 1431 brevitatis
370 1363 667 1446 et'perspicuitatis
696 1368 799 1428 causa
826 1360 963 1446 appello,
986 1370 1019 1431 ct
1039 1364 1174 1433 ablativi
1196 1367 1310 1435 localis

174 1469 368 1535 examinans
388 1468 527 1550 primum
550 1466 589 1532 dc
612 1466 755 1531 ablativo
777 1466 874 1531 locali
895 1467 1027 1552 proprio
1051 1476 1084 1535 et
1098 1468 1162 1537 loci
1177 1475 1211 1536 ct
1224 1476 1309 1537 tem·

176 1570 275 1654 poris,
298 1569 414 1654 deinde
437 1569 478 1634 dc
504 1568 647 1634 ablativo
676 1567 772 1633 locali
793 1567 881 1633 finali
904 1570 959 1653 qui
981 1576 1119 1637 vocatur
1140 1570 1309 1638 disseram.

376 1706 580 1790 Conspectus
601 1704 763 1789 (ablativi)
785 1706 899 1807 localis
921 1707 1110 1773 Lucretiani.

608 1916 626 1977 1
643 1910 722 1977 Aba
745 1912 877 1979 localis

571 1995 913 2031 μ--Ν--κ

564 2069 587 2116 α
606 2047 684 2115 Ioci
701 2047 725 2113 l>
747 2048 924 2135 temporis

637 2144 840 2201 NJ

563 2433 904 2465 n--dh—-u

594 2484 622 2549 2
639 2484 719 2552 Aba
742 2484 876 2551 finalis

560 2606 583 2652 n
602 2588 679 2654 Ioci
697 2588 721 2654 l>
743 2586 918 2673 temporis

501 2793 525 2877 ς
548 2794 601 2861 1s.
645 2794 828 2895 aurnuns
849 2795 984 2865 iocaris„

356 2927 380 2979 1.
415 2926 459 2980 De
478 2926 597 2996 oriqina
615 2929 710 2996 atque
727 2930 843 3005 natura
860 2927 991 3013 ablativi
1008 2925 1128 2982 localis.

277 3030 314 3094 ln
340 3030 450 3112 lingua
476 3031 576 3096 latina
598 3032 774 3097 locativnm
797 3039 829 3098 et
851 3038 1068 3116 posteaquam
1091 3031 1234 3098 exolevit
1256 3030 1310 3096 ali

176 3132 311 3197 lativum
340 3132 459 3214 duplici
487 3133 584 3199 modo
607 3144 798 3217 usurpatum
820 3153 893 3201 esse
916 3135 1065 3211 diximus,
1088 3140 1124 3198 ut
1146 3134 1309 3200 stlocum

177 3233 232 3298 ubi
266 3234 342 3317 quid
374 3241 460 3301 esset
494 3242 526 3301 et
558 3244 688 3322 tempus
721 3257 787 3322 quo
821 3238 943 3322 aliquid
966 3243 1120 3320 ageretur
1142 3236 1310 3303 indicaret

177 3336 285 3420 Atque
307 3337 349 3402 ad
371 3339 432 3402 has
454 3339 605 3405 notiones
632 3341 860 3423 exprimendas
882 3340 970 3406 nudo
993 3339 1136 3405 ablativo
1159 3340 1310 3423 quamvls

176 3439 303 3529 priscos
324 3441 499 3523 scriptores
522 3445 602 3507 satis
623 3441 809 3526 frequenter
831 3462 910 3509 usos
932 3461 1005 3509 esse
1028 3448 1166 3523 constet,
1189 3440 1246 3507 ubi
1259 3442 1310 3507 in-

178 3542 321 3609 crebruit
358 3563 436 3609 usus
475 3546 763 3627 praepositionum,
796 3566 817 3612 a
850 3544 1086 3612 recentioribus
1104 3545 1311 3631 plerumque

178 3645 308 3712 additae
337 3653 412 3711 sunt
441 3648 710 3729 praepositiones,
740 3657 775 3713 ut
802 3666 934 3713 sensum
964 3648 1064 3712 animi
1091 3642 1192 3731 quam
1214 3665 1310 3731 aper-

178 3749 304 3814 tissime
326 3750 550 3831 exprimerent.
593 3749 689 3815 Velut
711 3751 798 3833 apud
817 3758 945 3816 veteres
960 3769 1027 3814 non
1042 3768 1177 3832 prorsus
1192 3751 1310 3817 desunt

176 3852 445 3934 praepositiones,
469 3853 515 3917 ita
537 3854 699 3935 posterius
722 3854 829 3919 denuo
852 3872 947 3918 usum
964 3851 1096 3917 ablativi
1111 3853 1199 3919 nude
1212 3852 1310 3937 positi

179 3955 283 4035 magis
306 3955 474 4038 magisque
497 3956 694 4038 divulgatum
718 3976 791 4024 esse
814 3975 920 4040 eoque
943 3956 1078 4021 multum
1092 3956 1309 4039 praepositio·

178 4076 254 4121 num
285 4058 357 4121 usui
386 4057 566 4123 detractum
595 4060 751 4125 videmus.
797 4048 864 4125 Nec
893 4078 960 4124 non
989 4077 1009 4123 a
1038 4058 1188 4125 Lucretio
1215 4078 1309 4125 usur·

177 4166 296 4243 paritur
323 4168 356 4224 et
386 4160 516 4225 locativi
539 4169 572 4226 et
593 4162 724 4228 ablativi
746 4164 867 4229 locales
890 4162 959 4227 sive
983 4161 1060 4226 nudi
1082 4161 1151 4227 sive
1174 4180 1192 4228 e
1213 4179 1308 4246 prae·

178 4262 339 4345 positione
361 4263 548 4346 pendentes,
572 4267 628 4349 qui
650 4266 815 4349 quomodo
838 4272 1013 4331 occurrant
1035 4264 1193 4349 exemplis
1202 4264 1307 4331 allatis

178 4366 260 4431 intra
282 4366 572 4432 demonstrandum
595 4369 663 4434 erit
