2964 4890
406 447 433 499 2.
469 445 674 500 Accusativus
691 445 805 500 obiecti
824 445 952 499 externi.

408 584 448 648 A.
495 583 668 665 Siotplex
691 582 949 647 decrostatione.

219 723 284 786 lam
309 722 445 786 diximus
470 721 639 786 verborum
663 722 846 801 latinorum,
870 739 1068 802 quamquam
1092 718 1157 783 fere
1173 739 1243 782 om-

116 825 171 889 nia
203 831 235 888 et
268 825 468 909 intransitive
490 831 522 888 et
545 825 711 888 transitive
735 824 811 905 poni
833 824 968 904 possint,
992 823 1055 887 alia
1077 822 1245 886 transitiva

116 927 158 1005 vi,
192 927 256 991 alia
283 928 485 992 intransitiva
508 926 574 992 fere
598 946 726 1008 semper
748 944 929 1005 occurrere,
954 926 1016 990 alia
1038 932 1070 989 et
1091 925 1244 988 intransi-

117 1031 181 1093 tive
215 1037 246 1094 et
280 1031 445 1094 transitive
471 1031 627 1112 usurpari.
672 1029 736 1094 Sed
759 1048 778 1094 a
802 1030 927 1093 solutae
950 1028 1105 1093 orationis
1120 1028 1245 1108 ¹regulis

117 1153 192 1197 cum
216 1152 314 1215 saepe
335 1135 469 1198 recedat
490 1152 597 1198 sermo
621 1140 802 1215 poetarum,
826 1151 893 1197 non
917 1138 966 1195 est
988 1131 1168 1195 mirandum
1182 1131 1244 1194 Lu-

117 1237 251 1300 cretium
276 1256 406 1318 quoque
428 1236 527 1301 libere
549 1236 708 1300 interdum
734 1237 766 1299 in
789 1235 895 1299 verbis
918 1234 1108 1299 adhibendis
1131 1235 1243 1314 egisse,

116 1339 149 1402 id
173 1340 260 1421 quod
282 1340 435 1422 exemplis
459 1340 562 1404 allatis
585 1358 683 1424 spero
707 1338 776 1403 fore
799 1346 834 1402 ut
857 1340 990 1403 eluceat.

221 1443 341 1507 Verum
364 1443 464 1508 verba
485 1444 654 1507 transitiva
676 1460 760 1523 quae
782 1442 877 1522 vulgo
901 1441 1131 1522 dicunturque
1147 1440 1245 1504 modo

117 1546 205 1627 apud
227 1546 410 1610 Lucretium
434 1566 506 1610 cum
531 1546 725 1610 accusativis
749 1543 866 1610 obiecti
888 1544 1126 1624 coniungantur
1148 1561 1245 1606 accu-

117 1655 188 1712 rate
222 1650 418 1730 perscrutari
452 1648 601 1730 equidem
634 1652 767 1730 prorsus
801 1647 1007 1728 supersedeo,
1037 1665 1110 1709 cum
1134 1645 1247 1709 infiniti

119 1753 159 1814 sit
193 1752 300 1832 operis
323 1770 428 1833 neque
462 1751 564 1815 multa
597 1751 806 1815 adnotatione
841 1749 937 1830 digna
969 1748 1043 1813 inde
1065 1748 1246 1812 redundare

117 1855 196 1918 mihi
229 1873 418 1936 persvasum
453 1855 501 1918 sit.
546 1853 610 1918 Sed
638 1854 768 1934 dignum
792 1852 950 1934 estquod
973 1858 1248 1917 commemoretur

117 1977 138 2022 a
173 1958 320 2021 Lucretio
353 1958 454 2021 multa
477 1958 571 2021 huius
593 1958 720 2037 generis
744 1955 843 2020 verba
865 1955 951 2018 nullo
975 1954 1165 2018 accusativo
1189 1954 1246 2017 ad-

118 2061 195 2140 dito,
231 2061 420 2142 praesertim
441 2060 509 2124 -ubi
543 2079 582 2124 ex
609 2059 875 2124 antecedentibus
898 2057 1104 2121 accusativus
1128 2055 1245 2119 subau-

118 2164 178 2227 diri
200 2170 316 2245 potest,
341 2163 488 2228 absolute
511 2170 667 2244 usurpata
689 2181 768 2227 esse.
813 2161 901 2225 Haec
925 2180 999 2224 cum
1023 2157 1094 2223 aliis
1118 2177 1247 2241 quoque

117 2266 330 2349 scriptoribus
352 2268 518 2349 proprium
540 2268 590 2347 sit,
614 2272 649 2330 ut
673 2267 742 2331 aliis
764 2264 935 2329 tractanda
947 2265 1135 2345 relinquam,
1158 2281 1197 2326 ea
1212 2281 1247 2326 re

117 2377 304 2434 commotus
336 2390 418 2449 sum,
453 2371 540 2451 quod
567 2371 630 2433 iam
658 2368 814 2433 Meissner
835 2366 906 2432 fuse
929 2367 969 2431 de
992 2367 1041 2430 bis
1063 2365 1160 2430 rebus
1184 2366 1247 2446 egit

117 2494 148 2555 p.
173 2475 215 2538 59
239 2491 308 2554 sqq.

222 2574 268 2638 De
291 2575 407 2639 ceteris
430 2573 537 2638 verbis
560 2573 721 2638 disserens
744 2575 881 2655 primum
896 2571 1149 2650 eaexaminab0,
1165 2589 1248 2652 quae

119 2679 268 2759 quamvis
301 2679 430 2759 saepius
464 2677 506 2741 ad
526 2677 761 2740 intransitivam
793 2677 957 2740 notionem
981 2674 1144 2753 inclinent,
1168 2692 1247 2737 non-

119 2800 298 2862 numquam
321 2781 544 2845 accusativum
568 2779 684 2844 obiecti
707 2779 767 2842 sibi
790 2780 973 2858 adsumunt,
990 2778 1105 2841 deinde
1121 2795 1160 2840 ea
1176 2794 1248 2857 per-

119 2902 248 2964 sequar,
283 2902 376 2965 quae,
411 2902 485 2947 cum
519 2883 707 2964 plerumque
741 2883 907 2946 transitive
941 2887 1145 2962 usurpentur,
1170 2880 1249 2944 alias

118 2988 322 3052 intransitiva
345 2988 375 3051 vi
398 2988 544 3069 praedita
567 2993 703 3051 exstant.

492 3225 519 3263 a.
554 3208 655 3263 Verba
672 3208 881 3262 intransitiva.

225 3334 267 3395 a¹.
294 3330 418 3395 Verba
439 3331 626 3412 simplicia
649 3338 685 3394 et
708 3349 790 3394 cum
814 3330 868 3393 eis
891 3329 1114 3409 composita.

225 3462 255 3499 α.
278 3433 386 3498 Verba
408 3441 526 3498 motus.

224 3536 367 3600 Primum
394 3537 646 3601 nonnullarum
669 3536 856 3600 accusativo
879 3536 1119 3615 coniunguntur
1142 3532 1249 3611 verba,

121 3658 206 3725 quae
229 3647 355 3704 motum
378 3640 529 3704 indicant.
564 3639 588 3702 E
622 3637 840 3719 compluribus
863 3638 952 3714 locis,
976 3654 1059 3717 quos
1076 3653 1172 3698 cruce
1188 3635 1251 3715 sig-

121 3742 218 3823 nabo,
254 3748 388 3823 apparet
422 3742 453 3806 in
479 3741 616 3805 Lucretii
639 3759 768 3822 quoque
791 3757 942 3803 sermone
965 3757 1062 3819 quam
1088 3755 1188 3818 prope
1210 3738 1252 3800 ad

121 3847 258 3912 localem
283 3846 438 3926 originem
464 3845 624 3909 accedant
646 3845 699 3925 qui
722 3849 881 3907 vocantur
896 3841 1072 3905 accusativi
1085 3841 1202 3905 obiecti
1216 3839 1250 3922 ²).
1345 3912 1348 3918 ³

225 3952 339 4012 cedere.
363 3947 391 4012 V
413 3950 474 4013 987
499 3946 659 4011 cedebant
680 3982 685 3994 ·
702 3948 863 4026 patrantes
875 3943 1070 4023 Hospitilms
1081 3941 1189 4006 auctas
1201 3941 1252 4006 io·

226 4171 246 4236 ¹)
266 4168 313 4222 cfr
332 4169 487 4222 Hertzius
507 4185 550 4236 pp.
568 4169 600 4219 47
621 4183 660 4234 sq.
680 4173 706 4220 et
726 4170 757 4217 55
777 4182 815 4232 sq.
