<?xml version="1.0" encoding="UTF-8"?>
<!DOCTYPE html PUBLIC "-//W3C//DTD XHTML 1.0 Transitional//EN"
    "http://www.w3.org/TR/xhtml1/DTD/xhtml1-transitional.dtd">
<html xmlns="http://www.w3.org/1999/xhtml" xml:lang="en" lang="en">
 <head>
  <title>
</title>
<meta http-equiv="Content-Type" content="text/html;charset=utf-8" />
  <meta name='ocr-system' content='tesseract 3.04.00' />
  <meta name='ocr-capabilities' content='ocr_page ocr_carea ocr_par ocr_line ocrx_word'/>
</head>
<body>
  <div class='ocr_page' id='page_1' title='image "./decasvvmsyntaxi00hidgoog_0158.png"; bbox 0 0 2964 4890; ppageno 0'>
   <div class='ocr_carea' id='block_1_1' title="bbox 1221 296 1257 362">
    <p class='ocr_par' dir='ltr' id='par_1_1' title="bbox 1221 296 1257 362">
     <span class='ocr_line' id='line_1_1' title="bbox 1221 296 1257 362; baseline -0.028 0"><span class='ocrx_word' id='word_1_1' title='bbox 1221 296 1257 362; x_wconf 93' lang='lat' dir='ltr'>ll</span> 
     </span>
    </p>
   </div>
   <div class='ocr_carea' id='block_1_2' title="bbox 172 497 1358 4191">
    <p class='ocr_par' dir='ltr' id='par_1_2' title="bbox 172 497 1304 691">
     <span class='ocr_line' id='line_1_2' title="bbox 172 497 1304 582; baseline 0.001 -22"><span class='ocrx_word' id='word_1_2' title='bbox 172 518 231 561; x_wconf 85' lang='lat' dir='ltr'>sus</span> <span class='ocrx_word' id='word_1_3' title='bbox 266 498 307 562; x_wconf 89' lang='lat' dir='ltr'>sit</span> <span class='ocrx_word' id='word_1_4' title='bbox 333 497 576 577; x_wconf 71' lang='lat' dir='ltr'>adsumendus,</span> <span class='ocrx_word' id='word_1_5' title='bbox 611 509 684 565; x_wconf 85' lang='lat' dir='ltr'>cum</span> <span class='ocrx_word' id='word_1_6' title='bbox 718 515 824 581; x_wconf 85' lang='lat' dir='ltr'>neque</span> <span class='ocrx_word' id='word_1_7' title='bbox 845 498 959 565; x_wconf 86' lang='lat' dir='ltr'>localis</span> <span class='ocrx_word' id='word_1_8' title='bbox 985 506 1093 582; x_wconf 87' lang='lat' dir='ltr'>neque</span> <span class='ocrx_word' id='word_1_9' title='bbox 1115 499 1304 582; x_wconf 86' lang='lat' dir='ltr'>temporalis</span> 
     </span>
     <span class='ocr_line' id='line_1_3' title="bbox 172 589 1204 691; baseline 0 -26"><span class='ocrx_word' id='word_1_10' title='bbox 172 600 368 682; x_wconf 75' lang='lat' dir='ltr'>significatio</span> <span class='ocrx_word' id='word_1_11' title='bbox 391 600 433 691; x_wconf 81' lang='lat' dir='ltr'>ed</span> <span class='ocrx_word' id='word_1_12' title='bbox 454 600 650 671; x_wconf 85' lang='lat' dir='ltr'>sententiam</span> <span class='ocrx_word' id='word_1_13' title='bbox 672 600 751 664; x_wconf 88' lang='lat' dir='ltr'>satis</span> <span class='ocrx_word' id='word_1_14' title='bbox 775 600 918 683; x_wconf 77' lang='lat' dir='ltr'>quadret„</span> <span class='ocrx_word' id='word_1_15' title='bbox 1201 589 1204 594; x_wconf 74' lang='grc'><strong>’</strong></span> 
     </span>
    </p>

    <p class='ocr_par' dir='ltr' id='par_1_3' title="bbox 173 702 1303 991">
     <span class='ocr_line' id='line_1_4' title="bbox 214 702 1302 795; baseline -0.001 -26"><span class='ocrx_word' id='word_1_16' title='bbox 214 772 217 779; x_wconf 73' lang='grc'><em>,</em></span> <span class='ocrx_word' id='word_1_17' title='bbox 278 711 374 795; x_wconf 74' lang='lat' dir='ltr'>terra.</span> <span class='ocrx_word' id='word_1_18' title='bbox 416 703 442 769; x_wconf 87' lang='grc' dir='ltr'>ΙΙ</span> <span class='ocrx_word' id='word_1_19' title='bbox 474 704 539 769; x_wconf 83' lang='grc'>534</span> <span class='ocrx_word' id='word_1_20' title='bbox 570 703 644 769; x_wconf 88' lang='lat' dir='ltr'>vide</span> <span class='ocrx_word' id='word_1_21' title='bbox 675 723 699 768; x_wconf 87' lang='lat' dir='ltr'>s.</span> <span class='ocrx_word' id='word_1_22' title='bbox 726 723 756 768; x_wconf 90' lang='lat' dir='ltr'>v.</span> <span class='ocrx_word' id='word_1_23' title='bbox 779 702 887 783; x_wconf 56' lang='lat' dir='ltr'>torua·</span> <span class='ocrx_word' id='word_1_24' title='bbox 909 702 948 768; x_wconf 94' lang='lat' dir='ltr'>lll</span> <span class='ocrx_word' id='word_1_25' title='bbox 970 704 1046 783; x_wconf 78' lang='lat'>8373</span> <span class='ocrx_word' id='word_1_26' title='bbox 1069 703 1097 769; x_wconf 91' lang='lat' dir='ltr'>V</span> <span class='ocrx_word' id='word_1_27' title='bbox 1119 705 1182 768; x_wconf 87' lang='grc'>219</span> <span class='ocrx_word' id='word_1_28' title='bbox 1205 712 1302 786; x_wconf 84' lang='lat' dir='ltr'>supra</span> 
     </span>
     <span class='ocr_line' id='line_1_5' title="bbox 173 803 1303 889; baseline 0 -19"><span class='ocrx_word' id='word_1_29' title='bbox 173 826 199 870; x_wconf 89' lang='lat' dir='ltr'>s.</span> <span class='ocrx_word' id='word_1_30' title='bbox 222 826 251 870; x_wconf 93' lang='lat' dir='ltr'>v.</span> <span class='ocrx_word' id='word_1_31' title='bbox 274 825 376 870; x_wconf 85' lang='lat' dir='ltr'>nare.</span> <span class='ocrx_word' id='word_1_32' title='bbox 421 805 618 888; x_wconf 87' lang='lat' dir='ltr'><strong>Saepissime</strong></span> <span class='ocrx_word' id='word_1_33' title='bbox 645 803 683 870; x_wconf 86' lang='grc' dir='ltr'>ιἰι</span> <span class='ocrx_word' id='word_1_34' title='bbox 709 806 908 889; x_wconf 76' lang='lat' dir='ltr'>praepositio</span> <span class='ocrx_word' id='word_1_35' title='bbox 936 806 1060 871; x_wconf 91' lang='lat' dir='ltr'>nomini</span> <span class='ocrx_word' id='word_1_36' title='bbox 1082 813 1132 871; x_wconf 91' lang='lat' dir='ltr'>est</span> <span class='ocrx_word' id='word_1_37' title='bbox 1154 807 1303 889; x_wconf 88' lang='lat' dir='ltr'>appositu</span> 
     </span>
     <span class='ocr_line' id='line_1_6' title="bbox 173 909 1200 991; baseline 0.001 -17"><span class='ocrx_word' id='word_1_38' title='bbox 173 928 271 991; x_wconf 78' lang='lat' dir='ltr'>egr.</span> <span class='ocrx_word' id='word_1_39' title='bbox 295 909 384 988; x_wconf 85' lang='lat'>163;</span> <span class='ocrx_word' id='word_1_40' title='bbox 409 912 482 989; x_wconf 84' lang='lat'>130;</span> <span class='ocrx_word' id='word_1_41' title='bbox 509 910 581 989; x_wconf 75' lang='lat'>1523</span> <span class='ocrx_word' id='word_1_42' title='bbox 603 911 681 987; x_wconf 85' lang='grc'>210;</span> <span class='ocrx_word' id='word_1_43' title='bbox 703 910 785 988; x_wconf 70' lang='lat'>8683‘</span> <span class='ocrx_word' id='word_1_44' title='bbox 803 909 829 972; x_wconf 94' lang='lat' dir='ltr'>ll</span> <span class='ocrx_word' id='word_1_45' title='bbox 851 909 931 989; x_wconf 77' lang='lat'><strong>6033</strong></span> <span class='ocrx_word' id='word_1_46' title='bbox 953 909 991 975; x_wconf 89' lang='lat' dir='ltr'>lll</span> <span class='ocrx_word' id='word_1_47' title='bbox 1015 909 1099 974; x_wconf 56' lang='lat'>1731</span> <span class='ocrx_word' id='word_1_48' title='bbox 1196 968 1200 975; x_wconf 92' lang='lat'>.</span> 
     </span>
    </p>

    <p class='ocr_par' dir='ltr' id='par_1_4' title="bbox 172 1009 1304 1197">
     <span class='ocr_line' id='line_1_7' title="bbox 194 1009 1304 1101; baseline -0.001 -28"><span class='ocrx_word' id='word_1_49' title='bbox 194 1047 221 1086; x_wconf 26' lang='lat'>..3</span> <span class='ocrx_word' id='word_1_50' title='bbox 277 1010 335 1083; x_wconf 86' lang='lat' dir='ltr'>His</span> <span class='ocrx_word' id='word_1_51' title='bbox 356 1010 516 1101; x_wconf 68' lang='lat' dir='ltr'>nubiuago</span> <span class='ocrx_word' id='word_1_52' title='bbox 551 1012 685 1077; x_wconf 83' lang='lat' dir='ltr'>nomina</span> <span class='ocrx_word' id='word_1_53' title='bbox 719 1012 932 1092; x_wconf 83' lang='lat' dir='ltr'>substantiva,</span> <span class='ocrx_word' id='word_1_54' title='bbox 964 1011 1082 1099; x_wconf 84' lang='lat' dir='ltr'>quibus</span> <span class='ocrx_word' id='word_1_55' title='bbox 1115 1011 1232 1077; x_wconf 86' lang='lat' dir='ltr'>domus</span> <span class='ocrx_word' id='word_1_56' title='bbox 1253 1009 1304 1074; x_wconf 86' lang='lat' dir='ltr'>vel</span> 
     </span>
     <span class='ocr_line' id='line_1_8' title="bbox 172 1113 897 1197; baseline 0.003 -18"><span class='ocrx_word' id='word_1_57' title='bbox 172 1113 371 1196; x_wconf 78' lang='lat' dir='ltr'>receptaculi</span> <span class='ocrx_word' id='word_1_58' title='bbox 394 1114 562 1179; x_wconf 87' lang='lat' dir='ltr'>cuiusdam</span> <span class='ocrx_word' id='word_1_59' title='bbox 585 1116 675 1180; x_wconf 87' lang='lat' dir='ltr'>notio</span> <span class='ocrx_word' id='word_1_60' title='bbox 696 1115 897 1197; x_wconf 86' lang='lat' dir='ltr'>exprimitur:</span> 
     </span>
    </p>

    <p class='ocr_par' dir='ltr' id='par_1_5' title="bbox 173 1214 1305 1717">
     <span class='ocr_line' id='line_1_9' title="bbox 238 1214 1303 1300; baseline -0.004 -18"><span class='ocrx_word' id='word_1_61' title='bbox 238 1232 241 1236; x_wconf 85' lang='grc'><strong><em>·</em></strong></span> <span class='ocrx_word' id='word_1_62' title='bbox 276 1225 356 1284; x_wconf 76' lang='lat' dir='ltr'>artu</span> <span class='ocrx_word' id='word_1_63' title='bbox 398 1216 457 1281; x_wconf 68' lang='lat' dir='ltr'>*vl</span> <span class='ocrx_word' id='word_1_64' title='bbox 486 1218 568 1282; x_wconf 87' lang='grc'>1262</span> <span class='ocrx_word' id='word_1_65' title='bbox 594 1237 658 1297; x_wconf 82' lang='lat' dir='ltr'>qno</span> <span class='ocrx_word' id='word_1_66' title='bbox 685 1217 792 1300; x_wconf 78' lang='lat' dir='ltr'>napta</span> <span class='ocrx_word' id='word_1_67' title='bbox 825 1219 919 1285; x_wconf 83' lang='lat' dir='ltr'>astu</span> <span class='ocrx_word' id='word_1_68' title='bbox 950 1214 1122 1296; x_wconf 71' lang='lat' dir='ltr'>Consertae</span> <span class='ocrx_word' id='word_1_69' title='bbox 1145 1215 1199 1286; x_wconf 79' lang='lat' dir='ltr'>ua</span> <span class='ocrx_word' id='word_1_70' title='bbox 1216 1234 1303 1279; x_wconf 87' lang='lat' dir='ltr'>acer·</span> 
     </span>
     <span class='ocr_line' id='line_1_10' title="bbox 173 1318 1303 1405; baseline 0.001 -21"><span class='ocrx_word' id='word_1_71' title='bbox 173 1318 279 1384; x_wconf 80' lang='lat' dir='ltr'>natira</span> <span class='ocrx_word' id='word_1_72' title='bbox 301 1339 388 1383; x_wconf 82' lang='lat' dir='ltr'>nors</span> <span class='ocrx_word' id='word_1_73' title='bbox 410 1318 650 1383; x_wconf 75' lang='lat' dir='ltr'>accumulabat.</span> <span class='ocrx_word' id='word_1_74' title='bbox 696 1319 767 1399; x_wconf 87' lang='lat' dir='ltr'>Quo</span> <span class='ocrx_word' id='word_1_75' title='bbox 790 1319 864 1384; x_wconf 92' lang='lat' dir='ltr'>loco</span> <span class='ocrx_word' id='word_1_76' title='bbox 881 1322 957 1383; x_wconf 81' lang='lat' dir='ltr'>astu</span> <span class='ocrx_word' id='word_1_77' title='bbox 972 1319 1070 1384; x_wconf 84' lang='lat' dir='ltr'>scribi</span> <span class='ocrx_word' id='word_1_78' title='bbox 1086 1319 1185 1383; x_wconf 91' lang='lat' dir='ltr'>voluit</span> <span class='ocrx_word' id='word_1_79' title='bbox 1201 1318 1303 1405; x_wconf 74' lang='lat' dir='ltr'>bach·</span> 
     </span>
     <span class='ocr_line' id='line_1_11' title="bbox 174 1420 1304 1505; baseline -0.004 -18"><span class='ocrx_word' id='word_1_80' title='bbox 174 1442 318 1488; x_wconf 88' lang='lat' dir='ltr'>mannus</span> <span class='ocrx_word' id='word_1_81' title='bbox 339 1429 436 1505; x_wconf 87' lang='lat' dir='ltr'>atque</span> <span class='ocrx_word' id='word_1_82' title='bbox 460 1425 554 1489; x_wconf 79' lang='lat' dir='ltr'>aestu</span> <span class='ocrx_word' id='word_1_83' title='bbox 577 1441 596 1487; x_wconf 92' lang='lat' dir='ltr'>e</span> <span class='ocrx_word' id='word_1_84' title='bbox 618 1422 808 1489; x_wconf 85' lang='lat' dir='ltr'>coniectura</span> <span class='ocrx_word' id='word_1_85' title='bbox 829 1420 953 1486; x_wconf 85' lang='lat' dir='ltr'>lllarulli</span> <span class='ocrx_word' id='word_1_86' title='bbox 977 1421 1081 1487; x_wconf 78' lang='lat' dir='ltr'>edidit</span> <span class='ocrx_word' id='word_1_87' title='bbox 1098 1421 1304 1504; x_wconf 83' lang='lat' dir='ltr'>Bernaysius,</span> 
     </span>
     <span class='ocr_line' id='line_1_12' title="bbox 174 1522 1305 1607; baseline -0.005 -16"><span class='ocrx_word' id='word_1_88' title='bbox 174 1524 327 1591; x_wconf 90' lang='lat' dir='ltr'>codicum</span> <span class='ocrx_word' id='word_1_89' title='bbox 351 1526 516 1607; x_wconf 85' lang='lat' dir='ltr'>scriptura</span> <span class='ocrx_word' id='word_1_90' title='bbox 539 1527 651 1589; x_wconf 81' lang='lat' dir='ltr'>aeetae</span> <span class='ocrx_word' id='word_1_91' title='bbox 679 1524 827 1590; x_wconf 88' lang='lat' dir='ltr'>blunroni</span> <span class='ocrx_word' id='word_1_92' title='bbox 857 1532 890 1589; x_wconf 91' lang='lat' dir='ltr'>et</span> <span class='ocrx_word' id='word_1_93' title='bbox 912 1524 1064 1606; x_wconf 78' lang='lat' dir='ltr'>Briegero</span> <span class='ocrx_word' id='word_1_94' title='bbox 1087 1522 1208 1606; x_wconf 85' lang='lat' dir='ltr'>placuit</span> <span class='ocrx_word' id='word_1_95' title='bbox 1229 1529 1305 1587; x_wconf 87' lang='lat' dir='ltr'>ante</span> 
     </span>
     <span class='ocr_line' id='line_1_13' title="bbox 173 1625 1056 1717; baseline -0.003 -25"><span class='ocrx_word' id='word_1_96' title='bbox 173 1625 340 1708; x_wconf 75' lang='lat' dir='ltr'>confertos</span> <span class='ocrx_word' id='word_1_97' title='bbox 362 1646 493 1703; x_wconf 82' lang='lat' dir='ltr'>versum</span> <span class='ocrx_word' id='word_1_98' title='bbox 514 1626 673 1697; x_wconf 83' lang='lat' dir='ltr'>excidisse</span> <span class='ocrx_word' id='word_1_99' title='bbox 696 1626 913 1693; x_wconf 81' lang='lat' dir='ltr'>censentibus.</span> <span class='ocrx_word' id='word_1_100' title='bbox 996 1674 998 1679; x_wconf 89' lang='lat'><em>.</em></span> <span class='ocrx_word' id='word_1_101' title='bbox 1052 1709 1056 1717; x_wconf 22' lang='grc' dir='ltr'>ι</span> 
     </span>
    </p>

    <p class='ocr_par' dir='ltr' id='par_1_6' title="bbox 173 1726 1308 3148">
     <span class='ocr_line' id='line_1_14' title="bbox 207 1726 1306 1809; baseline -0.003 -16"><span class='ocrx_word' id='word_1_102' title='bbox 207 1800 210 1805; x_wconf 56' lang='grc'><strong>,</strong></span> <span class='ocrx_word' id='word_1_103' title='bbox 278 1734 412 1795; x_wconf 81' lang='lat' dir='ltr'>bustum.</span> <span class='ocrx_word' id='word_1_104' title='bbox 456 1729 494 1799; x_wconf 91' lang='lat'>111</span> <span class='ocrx_word' id='word_1_105' title='bbox 531 1731 594 1795; x_wconf 89' lang='grc'>906</span> <span class='ocrx_word' id='word_1_106' title='bbox 631 1728 677 1792; x_wconf 90' lang='lat' dir='ltr'>At</span> <span class='ocrx_word' id='word_1_107' title='bbox 708 1749 769 1797; x_wconf 82' lang='lat' dir='ltr'>noa</span> <span class='ocrx_word' id='word_1_108' title='bbox 802 1726 1013 1807; x_wconf 69' lang='lat' dir='ltr'>horrifico</span> <span class='ocrx_word' id='word_1_109' title='bbox 1048 1726 1254 1809; x_wconf 79' lang='lat' dir='ltr'>cinefactum·</span> <span class='ocrx_word' id='word_1_110' title='bbox 1277 1730 1306 1791; x_wconf 89' lang='lat' dir='ltr'>te</span> 
     </span>
     <span class='ocr_line' id='line_1_15' title="bbox 173 1830 1306 1912; baseline 0 -19"><span class='ocrx_word' id='word_1_111' title='bbox 173 1850 278 1912; x_wconf 79' lang='lat' dir='ltr'>prope</span> <span class='ocrx_word' id='word_1_112' title='bbox 310 1831 429 1905; x_wconf 85' lang='lat' dir='ltr'>busta</span> <span class='ocrx_word' id='word_1_113' title='bbox 452 1830 698 1899; x_wconf 79' lang='lat' dir='ltr'>Insatiabititer</span> <span class='ocrx_word' id='word_1_114' title='bbox 721 1831 929 1912; x_wconf 55' lang='lat' dir='ltr'>deflevimus·</span> <span class='ocrx_word' id='word_1_115' title='bbox 951 1831 980 1896; x_wconf 97' lang='lat' dir='ltr'>V</span> <span class='ocrx_word' id='word_1_116' title='bbox 1001 1833 1064 1897; x_wconf 85' lang='lat'>993</span> <span class='ocrx_word' id='word_1_117' title='bbox 1087 1830 1167 1898; x_wconf 79' lang='lat' dir='ltr'>Viva</span> <span class='ocrx_word' id='word_1_118' title='bbox 1190 1830 1306 1895; x_wconf 80' lang='lat' dir='ltr'>videns</span> 
     </span>
     <span class='ocr_line' id='line_1_16' title="bbox 173 1931 1305 2014; baseline 0.002 -17"><span class='ocrx_word' id='word_1_119' title='bbox 173 1932 269 1997; x_wconf 86' lang='lat' dir='ltr'>vivo</span> <span class='ocrx_word' id='word_1_120' title='bbox 292 1933 426 2014; x_wconf 76' lang='lat' dir='ltr'>sepeliet</span> <span class='ocrx_word' id='word_1_121' title='bbox 447 1932 575 2007; x_wconf 70' lang='lat' dir='ltr'>nucero</span> <span class='ocrx_word' id='word_1_122' title='bbox 604 1933 738 1999; x_wconf 81' lang='lat' dir='ltr'>busto.</span> <span class='ocrx_word' id='word_1_123' title='bbox 784 1934 862 1999; x_wconf 90' lang='lat' dir='ltr'>Post</span> <span class='ocrx_word' id='word_1_124' title='bbox 883 1934 1018 2000; x_wconf 86' lang='lat' dir='ltr'>verbum</span> <span class='ocrx_word' id='word_1_125' title='bbox 1041 1932 1223 2014; x_wconf 79' lang='lat' dir='ltr'>sepeliendi</span> <span class='ocrx_word' id='word_1_126' title='bbox 1246 1931 1305 1999; x_wconf 62' lang='lat' dir='ltr'>abe</span> 
     </span>
     <span class='ocr_line' id='line_1_17' title="bbox 174 2037 1307 2109; baseline 0 -9"><span class='ocrx_word' id='word_1_127' title='bbox 174 2037 293 2101; x_wconf 77' lang='lat' dir='ltr'>latirus</span> <span class='ocrx_word' id='word_1_128' title='bbox 321 2043 428 2101; x_wconf 90' lang='lat' dir='ltr'>utrum</span> <span class='ocrx_word' id='word_1_129' title='bbox 459 2038 572 2109; x_wconf 83' lang='lat' dir='ltr'>localis</span> <span class='ocrx_word' id='word_1_130' title='bbox 599 2057 641 2102; x_wconf 88' lang='lat' dir='ltr'>an</span> <span class='ocrx_word' id='word_1_131' title='bbox 668 2039 925 2104; x_wconf 84' lang='lat' dir='ltr'>instrumentalis</span> <span class='ocrx_word' id='word_1_132' title='bbox 946 2037 1138 2103; x_wconf 87' lang='lat' dir='ltr'>statuendus</span> <span class='ocrx_word' id='word_1_133' title='bbox 1160 2037 1202 2103; x_wconf 89' lang='lat' dir='ltr'>sit</span> <span class='ocrx_word' id='word_1_134' title='bbox 1223 2037 1307 2100; x_wconf 89' lang='lat' dir='ltr'>inter</span> 
     </span>
     <span class='ocr_line' id='line_1_18' title="bbox 173 2139 1307 2223; baseline 0.004 -21"><span class='ocrx_word' id='word_1_135' title='bbox 173 2140 409 2222; x_wconf 77' lang='lat' dir='ltr'>grammaticos</span> <span class='ocrx_word' id='word_1_136' title='bbox 442 2156 509 2206; x_wconf 90' lang='lat' dir='ltr'>non</span> <span class='ocrx_word' id='word_1_137' title='bbox 543 2148 687 2221; x_wconf 84' lang='lat' dir='ltr'>constat,</span> <span class='ocrx_word' id='word_1_138' title='bbox 709 2142 755 2206; x_wconf 87' lang='lat' dir='ltr'>ita</span> <span class='ocrx_word' id='word_1_139' title='bbox 787 2160 814 2207; x_wconf 89' lang='lat' dir='ltr'>c</span> <span class='ocrx_word' id='word_1_140' title='bbox 848 2160 893 2223; x_wconf 81' lang='lat' dir='ltr'>gr.</span> <span class='ocrx_word' id='word_1_141' title='bbox 925 2140 1096 2207; x_wconf 87' lang='lat' dir='ltr'>Meissner</span> <span class='ocrx_word' id='word_1_142' title='bbox 1114 2161 1143 2223; x_wconf 97' lang='lat' dir='ltr'>p</span> <span class='ocrx_word' id='word_1_143' title='bbox 1180 2139 1224 2208; x_wconf 84' lang='lat'>14.</span> <span class='ocrx_word' id='word_1_144' title='bbox 1241 2158 1307 2207; x_wconf 87' lang='lat' dir='ltr'>om·</span> 
     </span>
     <span class='ocr_line' id='line_1_19' title="bbox 174 2241 1307 2334; baseline 0 -28"><span class='ocrx_word' id='word_1_145' title='bbox 174 2242 272 2307; x_wconf 91' lang='lat' dir='ltr'>nibus</span> <span class='ocrx_word' id='word_1_146' title='bbox 295 2242 379 2325; x_wconf 89' lang='lat' dir='ltr'>apud</span> <span class='ocrx_word' id='word_1_147' title='bbox 402 2241 586 2317; x_wconf 84' lang='lat' dir='ltr'>Lucretium</span> <span class='ocrx_word' id='word_1_148' title='bbox 614 2244 694 2309; x_wconf 89' lang='lat' dir='ltr'>locis</span> <span class='ocrx_word' id='word_1_149' title='bbox 717 2245 996 2330; x_wconf 82' lang='lat' dir='ltr'>instrumentalem</span> <span class='ocrx_word' id='word_1_150' title='bbox 1021 2250 1212 2334; x_wconf 83' lang='lat' dir='ltr'>usurpatum</span> <span class='ocrx_word' id='word_1_151' title='bbox 1235 2261 1307 2307; x_wconf 87' lang='lat' dir='ltr'>esse</span> 
     </span>
     <span class='ocr_line' id='line_1_20' title="bbox 173 2345 1306 2433; baseline -0.002 -24"><span class='ocrx_word' id='word_1_152' title='bbox 173 2345 269 2433; x_wconf 80' lang='lat' dir='ltr'>dicit,</span> <span class='ocrx_word' id='word_1_153' title='bbox 288 2345 514 2420; x_wconf 80' lang='lat' dir='ltr'>Ebrnrdnse</span> <span class='ocrx_word' id='word_1_154' title='bbox 516 2346 744 2428; x_wconf 85' lang='lat' dir='ltr'>contrario-p</span> <span class='ocrx_word' id='word_1_155' title='bbox 767 2348 831 2415; x_wconf 87' lang='grc'>603</span> <span class='ocrx_word' id='word_1_156' title='bbox 853 2346 1017 2415; x_wconf 85' lang='lat' dir='ltr'>nonnullis</span> <span class='ocrx_word' id='word_1_157' title='bbox 1038 2346 1119 2411; x_wconf 89' lang='lat' dir='ltr'>locis</span> <span class='ocrx_word' id='word_1_158' title='bbox 1142 2365 1182 2413; x_wconf 83' lang='lat' dir='ltr'>cx</span> <span class='ocrx_word' id='word_1_159' title='bbox 1203 2345 1306 2411; x_wconf 80' lang='lat' dir='ltr'>Ennio</span> 
     </span>
     <span class='ocr_line' id='line_1_21' title="bbox 174 2426 1307 2537; baseline -0.002 -24"><span class='ocrx_word' id='word_1_160' title='bbox 174 2426 325 2527; x_wconf 83' lang='lat' dir='ltr'>Lucretio</span> <span class='ocrx_word' id='word_1_161' title='bbox 348 2449 485 2533; x_wconf 83' lang='lat' dir='ltr'>aliisque</span> <span class='ocrx_word' id='word_1_162' title='bbox 506 2450 617 2519; x_wconf 82' lang='lat' dir='ltr'>allatis</span> <span class='ocrx_word' id='word_1_163' title='bbox 635 2450 773 2516; x_wconf 90' lang='lat' dir='ltr'>localem</span> <span class='ocrx_word' id='word_1_164' title='bbox 795 2451 917 2537; x_wconf 77' lang='lat' dir='ltr'>statuit.</span> <span class='ocrx_word' id='word_1_165' title='bbox 937 2450 1019 2530; x_wconf 79' lang='lat' dir='ltr'>,Qua</span> <span class='ocrx_word' id='word_1_166' title='bbox 1030 2449 1071 2515; x_wconf 92' lang='lat' dir='ltr'>de</span> <span class='ocrx_word' id='word_1_167' title='bbox 1085 2466 1195 2516; x_wconf 85' lang='lat' dir='ltr'>causa</span> <span class='ocrx_word' id='word_1_168' title='bbox 1202 2466 1307 2531; x_wconf 87' lang='lat' dir='ltr'>quon-</span> 
     </span>
     <span class='ocr_line' id='line_1_22' title="bbox 173 2532 1306 2636; baseline -0.001 -20"><span class='ocrx_word' id='word_1_169' title='bbox 173 2552 242 2618; x_wconf 87' lang='lat' dir='ltr'>iam</span> <span class='ocrx_word' id='word_1_170' title='bbox 280 2550 457 2623; x_wconf 86' lang='lat' dir='ltr'>ablativum</span> <span class='ocrx_word' id='word_1_171' title='bbox 490 2571 555 2616; x_wconf 93' lang='lat' dir='ltr'>non</span> <span class='ocrx_word' id='word_1_172' title='bbox 589 2551 709 2636; x_wconf 90' lang='lat' dir='ltr'>ubique</span> <span class='ocrx_word' id='word_1_173' title='bbox 743 2532 858 2619; x_wconf 85' lang='lat' dir='ltr'>eadem</span> <span class='ocrx_word' id='word_1_174' title='bbox 898 2553 1133 2632; x_wconf 70' lang='lat' dir='ltr'>significatione</span> <span class='ocrx_word' id='word_1_175' title='bbox 1167 2552 1306 2634; x_wconf 91' lang='lat' dir='ltr'>positum</span> 
     </span>
     <span class='ocr_line' id='line_1_23' title="bbox 174 2655 1306 2737; baseline -0.003 -18"><span class='ocrx_word' id='word_1_176' title='bbox 174 2672 250 2727; x_wconf 87' lang='lat' dir='ltr'>esse</span> <span class='ocrx_word' id='word_1_177' title='bbox 273 2655 351 2731; x_wconf 86' lang='lat' dir='ltr'>mihi</span> <span class='ocrx_word' id='word_1_178' title='bbox 374 2656 535 2737; x_wconf 81' lang='lat' dir='ltr'>persuasi,¹</span> <span class='ocrx_word' id='word_1_179' title='bbox 553 2655 617 2723; x_wconf 89' lang='lat' dir='ltr'>hoc</span> <span class='ocrx_word' id='word_1_180' title='bbox 639 2656 713 2722; x_wconf 94' lang='lat' dir='ltr'>loco</span> <span class='ocrx_word' id='word_1_181' title='bbox 734 2655 912 2720; x_wconf 86' lang='lat' dir='ltr'>ablativum</span> <span class='ocrx_word' id='word_1_182' title='bbox 931 2655 1152 2726; x_wconf 77' lang='lat' dir='ltr'>baetulocalis</span> <span class='ocrx_word' id='word_1_183' title='bbox 1167 2655 1306 2736; x_wconf 90' lang='lat' dir='ltr'>speciem</span> 
     </span>
     <span class='ocr_line' id='line_1_24' title="bbox 174 2758 1308 2842; baseline -0.004 -18"><span class='ocrx_word' id='word_1_184' title='bbox 174 2776 256 2842; x_wconf 85' lang='lat' dir='ltr'>prae</span> <span class='ocrx_word' id='word_1_185' title='bbox 289 2776 326 2832; x_wconf 84' lang='lat' dir='ltr'>se</span> <span class='ocrx_word' id='word_1_186' title='bbox 358 2758 441 2825; x_wconf 80' lang='lat' dir='ltr'>iocre</span> <span class='ocrx_word' id='word_1_187' title='bbox 474 2759 624 2831; x_wconf 83' lang='lat' dir='ltr'>existimo</span> <span class='ocrx_word' id='word_1_188' title='bbox 651 2759 732 2829; x_wconf 88' lang='lat' dir='ltr'>aliis</span> <span class='ocrx_word' id='word_1_189' title='bbox 766 2759 852 2829; x_wconf 83' lang='lat' dir='ltr'>loeis</span> <span class='ocrx_word' id='word_1_190' title='bbox 874 2759 1158 2829; x_wconf 79' lang='lat' dir='ltr'>instrumentalem</span> <span class='ocrx_word' id='word_1_191' title='bbox 1176 2775 1308 2823; x_wconf 82' lang='lat' dir='ltr'>sensum</span> 
     </span>
     <span class='ocr_line' id='line_1_25' title="bbox 173 2861 1100 2945; baseline -0.001 -19"><span class='ocrx_word' id='word_1_192' title='bbox 173 2861 364 2945; x_wconf 86' lang='lat' dir='ltr'>praevalere</span> <span class='ocrx_word' id='word_1_193' title='bbox 385 2869 796 2926; x_wconf 80' lang='lat' dir='ltr'>natue..</span> <span class='ocrx_word' id='word_1_194' title='bbox 817 2920 819 2925; x_wconf 83' lang='lat'><em>.</em></span> <span class='ocrx_word' id='word_1_195' title='bbox 1066 2894 1069 2901; x_wconf 92' lang='lat'>·</span> <span class='ocrx_word' id='word_1_196' title='bbox 1097 2894 1100 2899; x_wconf 76' lang='lat'><em>,</em></span> 
     </span>
     <span class='ocr_line' id='line_1_26' title="bbox 279 2960 1309 3045; baseline -0.002 -17.714"><span class='ocrx_word' id='word_1_197' title='bbox 279 2963 448 3037; x_wconf 74' lang='lat' dir='ltr'>casalli</span> <span class='ocrx_word' id='word_1_198' title='bbox 487 2965 577 3035; x_wconf 83' lang='grc'>1254</span> <span class='ocrx_word' id='word_1_199' title='bbox 598 2964 803 3045; x_wconf 69' lang='lat' dir='ltr'>penitusque</span> <span class='ocrx_word' id='word_1_200' title='bbox 841 2985 939 3029; x_wconf 81' lang='lat' dir='ltr'>casa</span> <span class='ocrx_word' id='word_1_201' title='bbox 967 2967 1134 3029; x_wconf 77' lang='lat' dir='ltr'>contrusa</span> <span class='ocrx_word' id='word_1_202' title='bbox 1156 2960 1309 3026; x_wconf 80' lang='lat' dir='ltr'>iacebant</span> 
     </span>
     <span class='ocr_line' id='line_1_27' title="bbox 176 3026 1049 3155; baseline 0.005 -23"><span class='ocrx_word' id='word_1_203' title='bbox 176 3066 325 3148; x_wconf 80' lang='lat' dir='ltr'>Corpora</span> <span class='ocrx_word' id='word_1_204' title='bbox 343 3026 545 3148; x_wconf 83' lang='lat' dir='ltr'>paupertate</span> <span class='ocrx_word' id='word_1_205' title='bbox 568 3069 600 3131; x_wconf 86' lang='lat' dir='ltr'>et</span> <span class='ocrx_word' id='word_1_206' title='bbox 620 3066 742 3139; x_wconf 83' lang='lat' dir='ltr'>norbo</span> <span class='ocrx_word' id='word_1_207' title='bbox 753 3067 845 3132; x_wconf 75' lang='lat' dir='ltr'>dedit</span> <span class='ocrx_word' id='word_1_208' title='bbox 832 3071 866 3155; x_wconf 87' lang='lat' dir='ltr'>ta</span> <span class='ocrx_word' id='word_1_209' title='bbox 886 3067 1049 3141; x_wconf 81' lang='lat' dir='ltr'>nartt&#39;.</span> 
     </span>
    </p>

    <p class='ocr_par' dir='ltr' id='par_1_7' title="bbox 175 3167 1307 3569">
     <span class='ocr_line' id='line_1_28' title="bbox 207 3167 1307 3253; baseline -0.003 -20"><span class='ocrx_word' id='word_1_210' title='bbox 207 3240 210 3245; x_wconf 20' lang='lat'><strong>⁴</strong></span> <span class='ocrx_word' id='word_1_211' title='bbox 280 3173 415 3237; x_wconf 71' lang='lat' dir='ltr'>ternu.</span> <span class='ocrx_word' id='word_1_212' title='bbox 449 3168 495 3233; x_wconf 95' lang='lat' dir='ltr'>Vl</span> <span class='ocrx_word' id='word_1_213' title='bbox 513 3170 578 3234; x_wconf 87' lang='grc'>202</span> <span class='ocrx_word' id='word_1_214' title='bbox 598 3173 776 3249; x_wconf 82' lang='lat' dir='ltr'>rotantque</span> <span class='ocrx_word' id='word_1_215' title='bbox 799 3169 916 3235; x_wconf 80' lang='lat' dir='ltr'>cauta</span> <span class='ocrx_word' id='word_1_216' title='bbox 929 3167 1102 3250; x_wconf 74' lang='lat' dir='ltr'>ttamrnarn</span> <span class='ocrx_word' id='word_1_217' title='bbox 1122 3167 1307 3253; x_wconf 47' lang='lat' dir='ltr'>fornace}</span> 
     </span>
     <span class='ocr_line' id='line_1_29' title="bbox 176 3238 1306 3354; baseline 0.001 -18"><span class='ocrx_word' id='word_1_218' title='bbox 176 3271 251 3336; x_wconf 82' lang='lat' dir='ltr'>bue</span> <span class='ocrx_word' id='word_1_219' title='bbox 279 3271 393 3349; x_wconf 81' lang='lat' dir='ltr'>intus;</span> <span class='ocrx_word' id='word_1_220' title='bbox 419 3238 482 3338; x_wconf 77' lang='grc'>218</span> <span class='ocrx_word' id='word_1_221' title='bbox 504 3274 619 3336; x_wconf 83' lang='lat' dir='ltr'>corten</span> <span class='ocrx_word' id='word_1_222' title='bbox 727 3272 883 3339; x_wconf 64' lang='lat' dir='ltr'>rutente.</span> <span class='ocrx_word' id='word_1_223' title='bbox 904 3272 995 3337; x_wconf 80' lang='lat' dir='ltr'>acuit</span> <span class='ocrx_word' id='word_1_224' title='bbox 1015 3272 1145 3354; x_wconf 73' lang='lat' dir='ltr'>tulmen</span> <span class='ocrx_word' id='word_1_225' title='bbox 1166 3270 1306 3352; x_wconf 76' lang='lat' dir='ltr'>forna.-</span> 
     </span>
     <span class='ocr_line' id='line_1_30' title="bbox 176 3373 1307 3459; baseline 0.001 -21"><span class='ocrx_word' id='word_1_226' title='bbox 176 3373 297 3449; x_wconf 71' lang='lat' dir='ltr'>cibna</span> <span class='ocrx_word' id='word_1_227' title='bbox 317 3373 430 3459; x_wconf 63' lang='lat' dir='ltr'>intus·</span> <span class='ocrx_word' id='word_1_228' title='bbox 455 3377 537 3445; x_wconf 87' lang='grc'>1169</span> <span class='ocrx_word' id='word_1_229' title='bbox 559 3374 751 3458; x_wconf 71' lang='lat' dir='ltr'>Etaprabat,</span> <span class='ocrx_word' id='word_1_230' title='bbox 769 3375 933 3446; x_wconf 79' lang='lat' dir='ltr'>stumaeto</span> <span class='ocrx_word' id='word_1_231' title='bbox 956 3376 1091 3455; x_wconf 74' lang='lat' dir='ltr'>stamma</span> <span class='ocrx_word' id='word_1_232' title='bbox 1113 3379 1153 3441; x_wconf 89' lang='lat' dir='ltr'>ut</span> <span class='ocrx_word' id='word_1_233' title='bbox 1165 3373 1307 3455; x_wconf 78' lang='lat' dir='ltr'>forna·</span> 
     </span>
     <span class='ocr_line' id='line_1_31' title="bbox 175 3475 1220 3569; baseline -0.001 -29"><span class='ocrx_word' id='word_1_234' title='bbox 175 3475 420 3553; x_wconf 69' lang='lat' dir='ltr'>ca&#39;bust&#39;ntus.</span> <span class='ocrx_word' id='word_1_235' title='bbox 449 3561 453 3569; x_wconf 17' lang='grc' dir='ltr'>ἱ</span> <span class='ocrx_word' id='word_1_236' title='bbox 480 3481 493 3533; x_wconf 84' lang='lat'>.&#39;</span> <span class='ocrx_word' id='word_1_237' title='bbox 707 3494 710 3501; x_wconf 88' lang='lat'><em>·</em></span> <span class='ocrx_word' id='word_1_238' title='bbox 1114 3554 1117 3565; x_wconf 34' lang='grc' dir='ltr'>Ι</span> <span class='ocrx_word' id='word_1_239' title='bbox 1217 3536 1220 3545; x_wconf 92' lang='grc'>,</span> 
     </span>
    </p>

    <p class='ocr_par' dir='ltr' id='par_1_8' title="bbox 177 3579 1307 3763">
     <span class='ocr_line' id='line_1_32' title="bbox 281 3579 1307 3670; baseline -0.002 -25"><span class='ocrx_word' id='word_1_240' title='bbox 281 3582 521 3670; x_wconf 63' lang='lat' dir='ltr'>numentum.</span> <span class='ocrx_word' id='word_1_241' title='bbox 570 3581 605 3654; x_wconf 83' lang='lat' dir='ltr'>V;</span> <span class='ocrx_word' id='word_1_242' title='bbox 638 3583 717 3651; x_wconf 88' lang='grc'>1121</span> <span class='ocrx_word' id='word_1_243' title='bbox 765 3581 811 3645; x_wconf 84' lang='lat' dir='ltr'>t&#39;t</span> <span class='ocrx_word' id='word_1_244' title='bbox 842 3580 1122 3660; x_wconf 69' lang='lat' dir='ltr'>frendat-mento</span> <span class='ocrx_word' id='word_1_245' title='bbox 1156 3579 1307 3663; x_wconf 77' lang='lat' dir='ltr'>stabili</span> 
     </span>
     <span class='ocr_line' id='line_1_33' title="bbox 177 3682 849 3763; baseline 0.003 -17"><span class='ocrx_word' id='word_1_246' title='bbox 177 3682 319 3763; x_wconf 80' lang='lat' dir='ltr'>fortuna</span> <span class='ocrx_word' id='word_1_247' title='bbox 330 3688 498 3755; x_wconf 74' lang='lat' dir='ltr'>maneret.</span> <span class='ocrx_word' id='word_1_248' title='bbox 515 3726 519 3739; x_wconf 80' lang='grc'><em>.</em></span> <span class='ocrx_word' id='word_1_249' title='bbox 846 3710 849 3715; x_wconf 91' lang='grc'><em>·</em></span> 
     </span>
    </p>

    <p class='ocr_par' dir='ltr' id='par_1_9' title="bbox 179 3779 1358 3961">
     <span class='ocr_line' id='line_1_34' title="bbox 226 3779 1358 3880; baseline -0.006 -29"><span class='ocrx_word' id='word_1_250' title='bbox 226 3872 232 3880; x_wconf 16' lang='grc' dir='ltr'><strong><em>ἢ</em></strong></span> <span class='ocrx_word' id='word_1_251' title='bbox 259 3789 459 3871; x_wconf 73' lang='grc' dir='ltr'>,1ιιι1ιιιιιιι.,</span> <span class='ocrx_word' id='word_1_252' title='bbox 498 3787 542 3857; x_wconf 90' lang='lat' dir='ltr'>Vl</span> <span class='ocrx_word' id='word_1_253' title='bbox 574 3790 635 3853; x_wconf 81' lang='lat'>799</span> <span class='ocrx_word' id='word_1_254' title='bbox 662 3786 820 3867; x_wconf 71' lang='lat' dir='ltr'>Denique?</span> <span class='ocrx_word' id='word_1_255' title='bbox 838 3786 874 3856; x_wconf 72' lang='grc' dir='ltr'>ιι</span> <span class='ocrx_word' id='word_1_256' title='bbox 904 3786 1059 3853; x_wconf 76' lang='lat' dir='ltr'>calidis</span> <span class='ocrx_word' id='word_1_257' title='bbox 1088 3785 1185 3851; x_wconf 81' lang='lat' dir='ltr'>attan</span> <span class='ocrx_word' id='word_1_258' title='bbox 1213 3805 1309 3849; x_wconf 83' lang='lat' dir='ltr'>cunr-</span> <span class='ocrx_word' id='word_1_259' title='bbox 1354 3779 1358 3790; x_wconf 93' lang='lat'><em>&#39;</em></span> 
     </span>
     <span class='ocr_line' id='line_1_35' title="bbox 179 3888 908 3961; baseline 0.005 -9"><span class='ocrx_word' id='word_1_260' title='bbox 179 3892 250 3953; x_wconf 88' lang='lat' dir='ltr'>tare</span> <span class='ocrx_word' id='word_1_261' title='bbox 273 3888 342 3961; x_wconf 82' lang='lat' dir='ltr'>tao</span> <span class='ocrx_word' id='word_1_262' title='bbox 355 3889 630 3960; x_wconf 74' lang='lat' dir='ltr'>atria-Plenior</span> <span class='ocrx_word' id='word_1_263' title='bbox 654 3895 684 3959; x_wconf 87' lang='lat' dir='ltr'>et</span> <span class='ocrx_word' id='word_1_264' title='bbox 706 3889 835 3955; x_wconf 78' lang='lat' dir='ltr'>laceris.</span> <span class='ocrx_word' id='word_1_265' title='bbox 875 3902 908 3958; x_wconf 91' lang='grc'>,.’</span> 
     </span>
    </p>

    <p class='ocr_par' dir='ltr' id='par_1_10' title="bbox 179 3990 1308 4191">
     <span class='ocr_line' id='line_1_36' title="bbox 280 3990 1308 4073; baseline -0.003 -17"><span class='ocrx_word' id='word_1_266' title='bbox 280 3998 422 4057; x_wconf 82' lang='lat' dir='ltr'>lustrum.</span> <span class='ocrx_word' id='word_1_267' title='bbox 466 3994 507 4058; x_wconf 92' lang='lat' dir='ltr'>IV</span> <span class='ocrx_word' id='word_1_268' title='bbox 539 3996 620 4059; x_wconf 84' lang='lat'>1136</span> <span class='ocrx_word' id='word_1_269' title='bbox 647 3994 718 4057; x_wconf 81' lang='lat' dir='ltr'>Aut</span> <span class='ocrx_word' id='word_1_270' title='bbox 744 4015 817 4057; x_wconf 76' lang='lat' dir='ltr'>erent</span> <span class='ocrx_word' id='word_1_271' title='bbox 846 3992 996 4057; x_wconf 72' lang='lat' dir='ltr'>consents</span> <span class='ocrx_word' id='word_1_272' title='bbox 1024 3991 1093 4073; x_wconf 79' lang='lat' dir='ltr'>ipsc</span> <span class='ocrx_word' id='word_1_273' title='bbox 1118 3990 1252 4056; x_wconf 77' lang='lat' dir='ltr'>animus</span> <span class='ocrx_word' id='word_1_274' title='bbox 1274 4014 1308 4054; x_wconf 81' lang='lat' dir='ltr'>se</span> 
     </span>
     <span class='ocr_line' id='line_1_37' title="bbox 179 4093 1307 4191; baseline -0.002 -33"><span class='ocrx_word' id='word_1_275' title='bbox 179 4093 642 4191; x_wconf 55' lang='lat' dir='ltr'>torteremordet„12cetttioac</span> <span class='ocrx_word' id='word_1_276' title='bbox 654 4117 763 4191; x_wconf 44' lang='lat' dir='ltr'>2⁶⁴9ssst</span> <span class='ocrx_word' id='word_1_277' title='bbox 780 4095 973 4187; x_wconf 65' lang='lat' dir='ltr'>(tententur</span> <span class='ocrx_word' id='word_1_278' title='bbox 983 4093 1174 4184; x_wconf 70' lang='lat' dir='ltr'>utrisque</span> <span class='ocrx_word' id='word_1_279' title='bbox 1185 4093 1307 4175; x_wconf 70' lang='lat' dir='ltr'>perure.</span> 
     </span>
    </p>
   </div>
   <div class='ocr_carea' id='block_1_3' title="bbox 0 0 1493 4890">
    <p class='ocr_par' dir='ltr' id='par_1_11' title="bbox 0 0 1493 4890">
     <span class='ocr_line' id='line_1_38' title="bbox 0 0 1493 4890; baseline 0 0"><span class='ocrx_word' id='word_1_280' title='bbox 0 0 1493 4890; x_wconf 95' lang='lat' dir='ltr'> </span> 
     </span>
    </p>
   </div>
  </div>
 </body>
</html>
