2964 4890
216 241 257 303 32

275 427 477 491 ?adhaerere.
511 426 580 490 Hoc
613 428 687 490 loco
721 426 760 490 lll
793 428 854 492 not
880 425 1151 506 quurtdoquidem
1174 444 1303 489 roacare

173 551 292 612 eorpus
315 528 474 593 adhaeret
491 529 742 608 Boclremueller‚
767 531 885 611 quippe
908 531 962 611 qui
985 529 1120 594 artimus
1141 547 1201 610 pro
1225 527 1303 592 sub·

172 636 257 699 iecto
293 632 383 697 verbi
416 632 496 696 finiti
529 631 839 712 subintellegendum
874 652 946 697 esse
974 640 1074 715 putet,
1109 633 1186 714 quin
1220 631 1302 696 falso

173 757 292 817 eorpus
314 736 537 801 accusativum
560 754 633 800 esse
656 736 832 800 contendat
855 735 986 800 dubium
1010 755 1076 800 non
1098 743 1160 815 est3
1183 755 1302 816 eorpus

173 840 259 904 enim
280 857 339 920 pro
360 837 505 902 subiecto
529 839 685 902 enuntiati
704 837 899 917 habendum,
919 846 951 903 et
967 846 1056 903 recte
1066 839 1162 902 vertit
1173 838 1301 903 Munro:

173 943 262 1006 since
284 942 339 1005 the
363 940 448 1023 body
469 941 497 1003 is
520 941 672 1005 attached
693 947 727 1005 to
750 942 775 1004 it
797 940 840 1024 by
861 943 916 1005 the
941 948 1071 1006 nearest
1093 943 1161 1005 ties

275 1043 357 1108 Tum
379 1043 479 1108 verba
501 1062 575 1107 cum
598 1045 838 1125 praepositione
861 1043 1037 1108 ablativum
1061 1050 1194 1124 regente
1211 1063 1300 1108 com-

172 1149 280 1229 posita
316 1146 470 1210 nonnulla
507 1146 591 1227 apud
626 1147 808 1210 Lucretium
846 1147 1068 1211 accusativum
1102 1144 1162 1209 sibi
1194 1146 1300 1210 adsci-

173 1257 276 1315 scunt.
320 1249 432 1330 Neque
465 1249 546 1313 haec
568 1247 669 1313 verba
691 1250 826 1313 multum
851 1250 1013 1331 peculiare
1034 1248 1201 1331 praebent,
1226 1268 1298 1313 cum

173 1353 370 1435 praepositio
393 1353 460 1415 sive
483 1353 590 1432 potius
612 1352 838 1433 praeverbium
860 1353 922 1417 nisi
945 1352 1035 1417 verbi
1059 1354 1222 1418 actionem
1234 1371 1299 1416 non

173 1456 365 1520 determinet
385 1472 491 1536 neque
514 1456 646 1519 omnino
668 1456 710 1519 ad
733 1457 909 1520 accusativi
933 1476 1028 1520 usum
1050 1457 1165 1521 valeat.

275 1563 440 1622 concedere
468 1558 540 1621 vide
562 1577 591 1639 p.
617 1560 662 1623 16.
687 1595 726 1604 -
750 1563 883 1622 conflare
905 1559 978 1624 vide
1000 1579 1029 1640 p.
1053 1561 1104 1622 27.
1127 1594 1168 1606 -
1191 1577 1299 1639 conge

172 1680 256 1732 mere
277 1662 350 1725 vide
371 1681 400 1742 p.
424 1663 473 1724 22.
497 1698 537 1706 -
559 1680 703 1724 corruere
725 1661 798 1726 vide
821 1681 850 1743 p.
876 1664 925 1727 19.
950 1700 990 1708 -
1010 1667 1213 1726 conmendare
1229 1661 1298 1725 vide

172 1787 201 1848 p.
224 1768 274 1831 20.
298 1803 337 1811 -
361 1785 557 1828 consuescere
580 1765 652 1829 vide
674 1785 703 1846 p.
726 1767 776 1830 21.

279 1874 441 1933 decurrere
463 1868 535 1931 vide
558 1888 586 1949 p.
609 1870 657 1933 16.
673 1905 713 1914 -
737 1872 849 1931 deflere
871 1868 943 1932 vide
966 1888 995 1949 p.
1018 1869 1068 1932 22.

274 1973 387 2034 efflare
412 1970 485 2033 vide
507 1990 536 2051 p.
559 1972 610 2035 27.
633 2008 673 2016 -
696 1973 844 2034 exhalare
865 1971 938 2034 vide
961 1990 990 2051 p.
1014 1972 1064 2036 26.
1078 1972 1217 2034 —exire
1228 1969 1297 2033 vide

173 2094 203 2155 p.
234 2075 281 2138 17.
305 2064 343 2119 -’-
369 2078 531 2136 escendere
556 2073 629 2137 vide
657 2093 687 2154 p.
710 2076 760 2138 20.
784 2109 824 2120 -
848 2076 1007 2154 exspirare
1029 2074 1102 2137 vide
1124 2093 1153 2154 p.
1178 2076 1228 2139 26.

273 2181 458 2257 praecedere
481 2175 552 2238 vide
575 2195 604 2256 p.
631 2178 677 2239 16.
699 2213 741 2220 -
763 2195 965 2256 praecurrere
988 2176 1061 2240 vide
1083 2196 1111 2257 p.
1138 2178 1186 2241 16.

273 2286 432 2357 praestare
448 2277 483 2360 1).
516 2277 555 2340 lll
587 2279 650 2343 214
682 2298 770 2340 mors
804 2277 932 2342 entatu
960 2282 1130 2359 praestat·
1164 2277 1206 2342 lV
1241 2277 1298 2343 153

172 2399 285 2459 quom
312 2379 464 2443 meminit
485 2380 572 2443 levor·
588 2383 764 2460 proestare
787 2381 962 2444 solertem.
1007 2381 1140 2445 Praeter
1162 2399 1297 2444 accusa-

171 2483 273 2545 tivum
307 2481 425 2546 obiecti
458 2483 538 2546 alter
571 2484 776 2546 accusativus
809 2484 1027 2564 praedicative
1059 2484 1234 2564 apponitur
1262 2482 1298 2546 lll

172 2587 244 2663 219,
280 2585 319 2648 de
354 2604 418 2667 quc
452 2586 524 2649 loco
557 2592 673 2667 postea
705 2604 810 2665 agam.
856 2586 1059 2650 lntransitive
1093 2604 1167 2649 cum
1192 2586 1297 2650 dativo

172 2689 377 2767 coniungitur
409 2689 422 2751 l
454 2690 530 2767 298,
563 2688 635 2762 368,
660 2688 699 2752 de
723 2688 839 2770 quibus
862 2689 941 2752 locis
964 2688 1024 2752 sub
1047 2689 1155 2753 dativo
1179 2690 1296 2767 videas,

173 2791 260 2854 nullo
294 2809 372 2854 casu
405 2791 514 2855 addito
547 2792 687 2871 ponitur:
722 2790 761 2854 lll
792 2792 856 2856 429
889 2790 957 2854 torn
992 2791 1088 2874 tonpc
1122 2791 1298 2856 nrobitr'tute

171 2893 337 2957 Praestet.

554 3029 583 3083 b.
619 3029 720 3083 Verba
736 3029 913 3084 transitiva.

230 3140 232 3144 ’
276 3149 435 3231 Sequitur,
470 3158 506 3214 ut
539 3151 578 3215 de
611 3152 649 3215 iis
683 3149 789 3214 verbis
819 3170 963 3231 agamus,
988 3169 1080 3232 quae,
1106 3169 1182 3214 cum
1205 3151 1298 3230 vulgo

172 3254 340 3318 transitive
378 3255 600 3318 accusativum
637 3253 754 3318 obiecti
787 3253 846 3317 sibi
880 3254 1062 3333 adsumant,
1097 3255 1298 3318 intransitive

173 3376 272 3421 sensu
295 3376 315 3420 a
337 3356 547 3438 scriptoribus
563 3358 669 3422 latinis
691 3357 851 3421 interdum
865 3364 1066 3438 usurpentur.
1100 3356 1191 3436 Quae
1202 3356 1300 3422 verba

174 3479 238 3541 quo
272 3460 370 3524 modo
397 3461 483 3541 apud
506 3461 688 3525 Lucretium
711 3461 817 3542 posita
840 3461 913 3541 sint,
938 3480 1011 3524 cum
1035 3459 1076 3524 ab
1099 3459 1225 3524 Holtzio
1248 3477 1300 3541 pa·

172 3583 246 3627 rum
280 3564 416 3628 dilucide
440 3565 480 3627 sit
502 3565 760 3629 demonstratum
784 3566 860 3647 (Liu.
885 3585 914 3646 p.
942 3566 1001 3629 118
1025 3564 1119 3648 sqq),
1145 3563 1299 3628 Meissner

172 3685 201 3746 p.
235 3669 277 3732 52
311 3685 380 3748 sqq.
414 3665 515 3730 fusius
549 3686 645 3749 quam
670 3668 787 3732 clarius
810 3667 955 3748 explicat.
1000 3665 1061 3746 Qui
1084 3666 1213 3747 quidem
1237 3666 1299 3748 pri-

173 3789 263 3833 mum
296 3774 328 3846 a)
363 3769 403 3833 de
435 3770 474 3832 iis
497 3769 602 3834 verbis
624 3771 799 3834 transitivis
823 3770 897 3850 agit,
922 3787 1015 3851 quae,
1041 3788 1113 3833 cum
1139 3768 1299 3833 accusati-

172 3892 249 3936 vum
272 3890 338 3935 nun
361 3872 535 3953 requirant,
559 3891 635 3937 vere
657 3872 807 3936 absoluta
829 3873 861 3935 vi
883 3872 1041 3951 dicantur,
1066 3871 1182 3936 deinde
1204 3870 1238 3956 b)
1261 3871 1300 3934 de

275 4095 295 4158 ¹)
323 4091 371 4144 Cir
395 4093 597 4146 Hermannue
617 4093 722 4146 Kothe
744 4093 833 4148 Ueber
851 4092 895 4146 die
913 4093 1062 4161 Ableitung
1080 4108 1133 4145 von
1150 4102 1298 4160 praestare.

173 4177 255 4231 Arch.
272 4177 325 4229 Vll
344 4194 369 4243 p.
389 4179 447 4229 114.
