2964 4890
482 425 502 505 fi
527 418 570 490 13.
614 423 749 489 Dativns
771 421 1003 508 acquisitionis.

280 541 430 606 Dativum
454 544 588 608 latinum
613 563 685 607 eum
711 543 816 608 verbis
840 542 955 624 quibus
977 542 1095 623 aliquid
1119 541 1214 606 alicui
1232 542 1306 606 addi

173 645 337 709 indicatur
369 645 521 728 coniungi
555 649 659 712 solere
692 649 744 710 vix
778 653 827 711 est
858 646 945 728 quod
969 663 1120 709 moneam
1143 645 1306 724 (dativus

174 747 467 831 acquisitionis).
511 750 617 831 Atque
640 751 726 814 hunc
750 751 847 814 dativi
871 769 964 813 usum
989 767 1006 812 e
1029 749 1123 813 locali
1146 748 1306 829 signifiea-

173 851 263 914 tione
287 869 359 915 esse
382 852 561 917 derivatum
584 871 624 917 ea
645 871 680 917 re
705 852 923 931 confirmatur,
948 851 1034 933 quod
1050 851 1306 933 praepositiones

174 972 250 1017 eum
286 955 352 1018 suis
386 955 515 1020 casibus
546 957 739 1020 coniunctae
762 956 849 1019 nullo
873 953 939 1019 iere
962 954 1145 1018 discrimine
1168 955 1306 1018 interce-

173 1057 273 1121 dente
305 1076 365 1138 pro
399 1057 507 1122 dativo
542 1065 745 1141 usurpantur.
790 1059 901 1139 Neque
924 1056 1030 1121 verbis
1053 1057 1158 1120 solum
1180 1066 1304 1121 motum

174 1159 338 1239 quendam
375 1160 636 1242 exprimentibus,
664 1180 776 1225 verum
800 1161 896 1224 etiam
920 1159 1028 1223 verbis
1052 1158 1167 1240 quibus
1191 1161 1305 1241 quietis

173 1262 265 1326 notio
290 1262 373 1325 inest
397 1263 537 1327 dativum
563 1265 784 1345 acquisitionis
807 1262 953 1343 subiungi
978 1271 1089 1326 notum
1108 1271 1164 1327 est.
1199 1264 1306 1342 Quare

174 1364 360 1428 huiusmodi
383 1365 509 1430 dativus
532 1366 638 1430 verbis
664 1366 872 1430 intransitivis
896 1384 1033 1446 quorum
1056 1366 1193 1445 plurima
1216 1366 1305 1446 quie-

173 1474 239 1531 tem
264 1467 446 1547 significant
466 1487 563 1551 saepe
580 1469 822 1533 accommodari
838 1469 889 1531 vix
906 1475 952 1532 est
972 1468 1161 1531 mirandum.
1194 1468 1305 1548 Neque

173 1571 320 1633 animum
355 1589 419 1635 non
451 1572 620 1636 advertere
651 1572 806 1637 debemus
829 1573 925 1636 variis
949 1573 1056 1635 causis
1079 1570 1199 1636 sactum
1223 1590 1304 1652 esse,

173 1679 210 1736 ut
233 1673 361 1737 dativus
384 1679 416 1737 et
438 1674 470 1737 in
495 1675 616 1755 vulgari
639 1694 789 1740 sermone
813 1682 845 1740 et
867 1675 953 1756 apud
975 1682 1090 1755 poetas
1114 1675 1305 1738 multisver-

173 1775 223 1839 bis
258 1776 426 1856 appositus
449 1777 498 1857 sit,
523 1796 607 1858 quae
629 1778 715 1859 apud
738 1779 878 1860 optimos
902 1779 1075 1858 scriptores
1099 1778 1177 1841 alias
1201 1784 1305 1841 struc-

173 1885 266 1943 turas
289 1878 469 1943 admittant.
502 1880 536 1944 In
560 1880 658 1944 dativi
680 1882 902 1962 acquisitionis
925 1900 985 1943 usu
1009 1881 1050 1944 ad
1073 1898 1191 1944 aureae
1214 1886 1305 1943 aeta·

172 1983 214 2045 tis
249 1982 443 2062 scriptorum
478 2001 625 2047 normam
657 2002 841 2048 sermonem
864 1984 1002 2047 Lucretii
1024 2000 1125 2063 prope
1149 1982 1305 2046 accedere

173 2085 330 2166 exemplis
352 2083 436 2148 infra
457 2086 561 2149 allatis
584 2088 764 2152 ostendam.

279 2186 315 2250 A.
338 2187 432 2269 Apud
455 2188 636 2252 Lucretium
660 2191 741 2254 haec
765 2190 970 2254 inveniuntur
996 2188 1110 2253 verba
1137 2189 1304 2252 intrans-

174 2290 270 2353 itiva
293 2289 409 2370 quibus
432 2291 558 2355 dativus
581 2293 801 2373 acquisitionis
824 2294 1013 2374 adiungitur.

281 2410 309 2457 a
331 2393 438 2458 Verba
461 2402 584 2459 motum
608 2395 827 2476 significantia.

280 2501 418 2560 reboare.
449 2497 473 2561 ll
507 2499 548 2561 28
575 2498 642 2561 Nec
665 2497 841 2562 citlooroe
864 2497 1003 2561 rooooot
1025 2496 1180 2577 laqueato
1205 2515 1304 2559 coero-

176 2604 278 2679 toqoc
302 2603 401 2677 taetra·
425 2599 551 2682 dequo
575 2602 646 2665 loco
671 2601 820 2665 conseras
844 2620 927 2682 quae
950 2601 1012 2664 iam
1038 2601 1100 2663 dixi
1123 2599 1183 2663 sub
1207 2617 1305 2662 accor-

174 2703 282 2767 sativo
305 2720 334 2782 p.
359 2704 408 2766 25.

281 2809 396 2868 cedere.
419 2806 432 2868 1
454 2806 518 2870 372
541 2804 662 2870 Cedere
681 2805 943 2887 sqrronrimvis
960 2805 1070 2868 triticeo
1085 2801 1305 2868 ooc'tcrcto'iros
1384 2808 1385 2812 ’

175 2908 294 2986 retroni:
321 2908 348 2972 V
375 2909 452 2973 1291
477 2928 558 2973 raom
580 2907 678 2988 fortio
702 2908 790 2972 ollio
814 2908 937 2973 (morcio
960 2907 1120 2971 evntchuoot
1143 2903 1305 2969 conmotis

176 3012 274 3077 racadu
304 3014 335 3074 et
354 3010 494 3075 inerme.
539 3011 586 3076 De
609 3014 777 3077 transitivo
800 3012 894 3074 huius
917 3009 1006 3075 verbi
1029 3029 1090 3073 usu
1113 3008 1208 3090 paulo
1232 3012 1305 3088 post

174 3133 281 3196 agam.

281 3222 447 3280 concedere
462 3220 605 3281 incedere
621 3224 782 3282 succedere
794 3216 867 3281 vide
880 3216 940 3280 sub
952 3215 1059 3280 verbis
1073 3212 1260 3294 compositis
1273 3211 1305 3295 ¹).

281 3325 413 3383 credere.
447 3320 488 3384 IV
516 3323 577 3385 507
611 3319 679 3384 ociso'
710 3321 839 3384 credero
862 3318 1041 3383 scaritos
1066 3316 1165 3380 crosco.
1212 3314 1306 3380 Cete-

173 3442 249 3488 rum
274 3421 423 3487 conferas
446 3423 541 3486 velim
564 3422 603 3486 de
627 3424 689 3488 hoc
712 3423 812 3488 verbo
836 3443 864 3504 p.
887 3425 936 3487 24.
1290 3500 1292 3505 Ι

280 3531 450 3607 indulgere.
486 3525 523 3589 ΙΙΙ
552 3527 614 3588 934
642 3527 730 3605 qood
759 3524 859 3590 uictis
891 3523 1021 3606 orchris
1046 3520 1233 3587 Iiooctc'dos
1256 3519 1306 3583 o'oo·

176 3631 304 3713 (loripes.

281 3736 444 3797 moderari.
467 3733 495 3797 V
520 3733 601 3796 1312
626 3730 691 3810 Qooo'
713 3730 916 3794 orcooicroro'or·
938 3729 996 3793 toto·
1017 3729 1153 3810 posceret
1173 3721 1307 3787 cinctis·

176 3858 241 3917 quo
266 3840 384 3899 torrere.
430 3835 476 3900 De
499 3835 686 3899 accusativo
710 3853 728 3899 e
750 3834 850 3899 verbo
874 3833 1034 3915 pendente
1055 3831 1104 3911 egi
1126 3849 1154 3910 p.
1178 3830 1228 3892 ⁶20.

281 3992 302 4052 ¹)
329 3989 421 4041 Verba
448 3988 599 4056 composita
625 3988 740 4040 aliorum
768 3992 876 4039 secutus
895 3984 1050 4051 exemptum
1069 3981 1214 4050 separatim
1234 3988 1307 4032 trac·

175 4077 249 4143 tabo,
278 4090 338 4127 cum
366 4085 478 4141 propter
504 4079 656 4127 structuras
683 4072 844 4126 vacillantes
864 4085 944 4137 saepe
964 4068 1075 4122 difficile
1093 4069 1130 4120 sit
1147 4064 1307 4134 diiudicare,

176 4163 219 4216 cui
238 4161 331 4230 generi
351 4159 437 4213 dativi
457 4158 653 4213 adnumerandi
664 4160 719 4212 sint
729 4158 774 4225 qui
785 4173 845 4210 cum
855 4155 987 4209 eiusmodi
997 4155 1087 4207 verbis
1100 4155 1307 4221 coniunguntur.
