2964 4890
1223 223 1265 285 59

281 407 393 489 Neque
426 408 583 473 adnotare
617 427 684 473 non
716 427 850 490 possum
873 428 894 473 a
916 408 1083 473 Staedlero
1105 428 1135 490 p.
1157 410 1200 476 30
1221 409 1308 473 haud

173 510 290 590 paucis
323 510 402 574 loeis
436 512 659 575 accusativum
692 510 908 575 adverbialem
944 511 1042 576 statui
1065 511 1307 589 adiectivorum‚

174 630 261 693 quae
295 631 331 675 re
363 631 441 677 vera
462 613 608 678 attributi
629 621 686 678 aut
708 614 919 696 appositionis
941 614 1011 678 vice
1033 613 1217 694 iunguntur.
1262 613 1308 678 De

173 717 235 778 illis
270 716 359 796 locis,
391 718 544 798 quoniam
568 717 695 799 plurimi
718 718 794 781 nihil
817 718 959 782 inusitati
981 717 1147 799 praebent,
1171 718 1308 799 amplius

173 837 274 899 agere
306 820 417 884 inutile
451 839 523 885 esse
545 827 636 885 ratus
659 840 759 884 unum
783 820 966 901 exemplum
989 819 1147 884 adieram:
1181 820 1308 884 V1614

180 925 295 985 aleten
328 923 372 985 ad
404 922 507 987 maris
536 923 647 988 omniu
669 943 832 986 sublatam
859 921 975 986 (turult
1000 921 1056 985 vix
1078 922 1187 987 instar·
1210 927 1311 987 erunt

175 1022 282 1106 nveitis
305 1024 506 1109 edunpmen,
529 1026 583 1091 ubi
606 1026 762 1106 Staedler‚
779 1027 870 1089 cuius
886 1033 961 1089 ante
978 1025 1090 1089 oeulos
1106 1044 1207 1106 prava
1220 1033 1309 1090 vete-

176 1146 251 1191 rum
276 1129 435 1209 scriptura
458 1130 503 1193 nd
525 1150 668 1213 nttpmen
693 1137 822 1194 versata
855 1147 928 1193 esse
950 1129 1087 1208 videtur,
1111 1149 1185 1192 eum
1208 1147 1307 1192 aeou-

176 1233 319 1296 sativum
342 1232 558 1297 adverbialem
583 1240 713 1313 statuat,
738 1240 894 1315 quantum
918 1240 1004 1297 erret
1019 1251 1115 1296 nemo
1131 1251 1197 1296 non
1213 1233 1309 1296 videt.

280 1335 454 1400 Praeterea
487 1337 810 1401 animadvertendum
844 1343 893 1400 est
923 1337 1104 1400 locutiones
1127 1354 1210 1416 quae
1233 1343 1308 1400 sunt

174 1457 273 1501 oritate
304 1458 413 1521 penus
446 1438 503 1502 boe
535 1460 643 1521 pernes
678 1440 767 1519 (μισῶ
794 1460 902 1522 pentes·
925 1439 1114 1520 saepissime
1137 1439 1223 1520 apud
1246 1439 1308 1502 Lu-

174 1540 315 1603 cretium
347 1541 490 1605 inveniri.
535 1542 625 1621 Quae
660 1543 840 1606 locutiones
875 1562 938 1622 quo
974 1542 1071 1606 modo
1099 1542 1185 1622 apud
1206 1543 1308 1622 serip-

174 1648 265 1706 tores
299 1643 415 1707 latinos
449 1651 691 1725 usurparentur,
727 1663 800 1708 cum
832 1663 852 1708 a
881 1645 990 1707 multis
1024 1662 1193 1725 perperam
1222 1652 1308 1708 esset

173 1745 381 1826 explicatum,
413 1765 516 1828 nuper
540 1746 740 1813 Woelfllinus
762 1749 795 1811 in
817 1747 947 1811 Archivi
969 1755 990 1810 t.
1013 1747 1041 1810 V
1063 1765 1113 1828 pp.
1137 1747 1307 1810 387-398

173 1849 298 1929 optime
321 1849 489 1914 illustravit
501 1852 535 1935 1).
568 1851 649 1915 Nam
673 1853 721 1914 vir
743 1852 794 1916 ille
818 1851 1024 1914 doctissimus
1047 1850 1204 1913 eiusmodi
1216 1851 1308 1913 locu-

175 1952 292 2031 tiones
317 1971 390 2016 eum
414 1954 504 2017 initio
526 1955 558 2017 in
582 1955 782 2018 nominativo
808 1961 865 2018 aut
887 1953 1075 2017 accusativo
1098 1953 1224 2034 positae
1247 1971 1306 2032 pro

174 2055 380 2135 appositione
402 2056 565 2121 adhibitae
588 2059 660 2138 sint,
685 2077 724 2121 ex
747 2058 897 2138 analogia
908 2057 941 2120 in
954 2055 1181 2120 adverbiorum
1193 2073 1308 2119 nume·

173 2177 247 2221 rum
272 2157 317 2221 ita
339 2158 457 2233 abiisse
480 2161 630 2240 ostendit,
654 2168 689 2224 ut
711 2161 781 2224 aliis
804 2161 883 2224 loeis
906 2161 969 2224 alia
990 2160 1116 2223 ratione
1132 2164 1307 2240 usurpatae

174 2261 248 2325 sint.
282 2260 320 2323 Et
344 2264 490 2341 quamvis
513 2262 715 2328 Woelillinus
738 2263 875 2328 Lucretii
898 2280 1081 2326 sermonem
1099 2262 1140 2325 ad
1153 2279 1226 2325 eam
1238 2279 1307 2331 rem

174 2364 397 2428 illustrandam
422 2368 652 2446 percensuerit‚
676 2368 823 2448 exempla
845 2367 1038 2431 Lucretiana
1061 2366 1170 2429 omnia
1182 2362 1307 2429 adferre

176 2485 243 2530 non
267 2467 380 2531 inutile
403 2468 487 2549 duxi,
512 2470 664 2553 quoniam
689 2470 845 2533 nonnulla
866 2469 987 2533 omissa
1009 2468 1145 2549 repperi.

281 2589 369 2633 omne
392 2590 497 2651 genus.
526 2573 714 2654 Appositive
741 2574 822 2636 haee
844 2573 964 2636 locutio
988 2571 1180 2634 substantivi
1202 2570 1307 2634 nomi-

175 2674 288 2736 nativo
311 2672 527 2754 subiungitur:
564 2676 605 2738 lV
628 2677 691 2740 735
715 2673 833 2740 Omne
855 2695 978 2757 peltas
1002 2673 1160 2752 poenitent
1178 2672 1308 2752 possint

174 2774 360 2838 simulacra
392 2774 552 2854 teruntur
586 2783 619 2840 et
651 2779 838 2841 accusativo
871 2776 921 2839 his
955 2777 1034 2840 locis
1066 2773 1270 2839 adscribitur:
1297 2774 1309 2836 l

180 2879 262 2943 1026
297 2876 416 2943 Omne
449 2900 573 2961 pertas·
606 2883 713 2943 motus
743 2883 774 2943 et
796 2884 904 2943 rotatus
927 2877 1132 2959 apportando
1158 2876 1308 2941 Tandem

176 2979 364 3045 clavatum
395 2981 433 3046 t'rt
468 2980 542 3044 tulis
578 2981 821 3062 (tipasam-aa
848 2983 872 3044 ll
907 2984 969 3048 759
1004 2981 1038 3044 E
1059 2980 1179 3059 qulbus
1203 3000 1309 3043 onina

176 3103 302 3165 penus
334 3083 483 3166 pipnunt
516 3086 716 3166 victricemque
751 3086 888 3164 colores·
922 3086 950 3149 V
977 3086 1040 3150 428
1067 3083 1250 3164 Propterea
1272 3082 1311 3160 stt

177 3185 226 3249 ott
250 3219 310 3234 ···
333 3185 451 3251 Omna
473 3208 598 3271 penos
621 3194 730 3252 cortus
754 3193 784 3252 et
805 3193 912 3253 motus·
935 3187 1140 3269 apportando
1159 3185 1310 3250 Tandem

178 3287 382 3354 conveniunt
411 3311 458 3355 eu.
497 3291 547 3354 Ad
570 3292 762 3356 substantivi
785 3292 960 3356 ablativum
982 3292 1119 3355 relatum
1143 3295 1193 3353 est
1216 3309 1310 3352 olane

176 3411 301 3473 pertus:
335 3391 359 3455 ll
393 3394 448 3457 821
490 3392 558 3458 Uen·
588 3415 626 3458 aa
657 3414 742 3474 pune
766 3398 921 3459 constent
943 3415 983 3458 aa
1002 3392 1069 3456 illis
1091 3412 1161 3457 port
1178 3390 1312 3471 puriter

177 3498 260 3559 sant
294 3492 412 3559 Omne
446 3516 570 3579 *pentes
598 3496 742 3577 perfuse
765 3496 925 3560 <coloribus
947 3496 984 3560 t'n
1007 3515 1127 3580 ptinere
1151 3492 1312 3557 euenit-‘V

178 3599 242 3661 440
278 3596 345 3660 Sed
374 3617 461 3662 nono
486 3603 659 3679 tempestas
683 3601 848 3678 quaedum
871 3600 1036 3679 molesque
1059 3599 1169 3660 ronta
1193 3594 1311 3659 (leviter

177 3720 303 3783 partus
338 3701 377 3765 de
404 3701 595 3782 principiis.
641 3704 696 3766 His
723 3704 803 3767 loeis
830 3704 980 3768 codicum
1003 3703 1164 3782 scriptura
1186 3700 1311 3780 aliquo-

179 3805 262 3869 tiens
285 3806 330 3869 ita
353 3813 477 3871 mutata
500 3814 559 3887 est,
582 3813 618 3870 ut
641 3808 800 3873 adieetiva
822 3806 927 3899 forma
950 3813 1063 3886 exstet,
1082 3825 1195 3870 verum
1208 3805 1312 3868 Lach-

284 4044 306 4113 ¹)
333 4044 364 4096 ld
389 4060 474 4112 genus
493 4046 548 4099 und
566 4046 749 4101 Verwandtes.
769 4078 801 4086 -
820 4047 965 4100 Praeterea
984 4045 1108 4098 conferas
1127 4043 1310 4097 Ziemerum

179 4129 235 4182 Str.
254 4146 280 4197 p.
300 4131 333 4180 70
352 4147 391 4197 sq.
