<?xml version="1.0" encoding="UTF-8"?>
<!DOCTYPE html PUBLIC "-//W3C//DTD XHTML 1.0 Transitional//EN"
    "http://www.w3.org/TR/xhtml1/DTD/xhtml1-transitional.dtd">
<html xmlns="http://www.w3.org/1999/xhtml" xml:lang="en" lang="en">
 <head>
  <title>
</title>
<meta http-equiv="Content-Type" content="text/html;charset=utf-8" />
  <meta name='ocr-system' content='tesseract 3.04.00' />
  <meta name='ocr-capabilities' content='ocr_page ocr_carea ocr_par ocr_line ocrx_word'/>
</head>
<body>
  <div class='ocr_page' id='page_1' title='image "./decasvvmsyntaxi00hidgoog_0174.png"; bbox 0 0 2964 4890; ppageno 0'>
   <div class='ocr_carea' id='block_1_1' title="bbox 1203 283 1243 347">
    <p class='ocr_par' dir='ltr' id='par_1_1' title="bbox 1203 283 1243 347">
     <span class='ocr_line' id='line_1_1' title="bbox 1203 283 1243 347; baseline 0.025 -1"><span class='ocrx_word' id='word_1_1' title='bbox 1203 283 1243 347; x_wconf 78' lang='lat'>27</span> 
     </span>
    </p>
   </div>
   <div class='ocr_carea' id='block_1_2' title="bbox 148 484 1360 1491">
    <p class='ocr_par' dir='ltr' id='par_1_2' title="bbox 149 484 1287 755">
     <span class='ocr_line' id='line_1_2' title="bbox 149 484 1287 569; baseline -0.001 -19"><span class='ocrx_word' id='word_1_2' title='bbox 149 505 231 550; x_wconf 86' lang='lat' dir='ltr'>cero</span> <span class='ocrx_word' id='word_1_3' title='bbox 262 484 350 566; x_wconf 79' lang='lat' dir='ltr'>lique</span> <span class='ocrx_word' id='word_1_4' title='bbox 375 484 416 565; x_wconf 81' lang='lat' dir='ltr'>fit</span> <span class='ocrx_word' id='word_1_5' title='bbox 443 484 482 552; x_wconf 79' lang='lat' dir='ltr'>iu</span> <span class='ocrx_word' id='word_1_6' title='bbox 515 485 586 551; x_wconf 82' lang='lat' dir='ltr'>eius</span> <span class='ocrx_word' id='word_1_7' title='bbox 614 491 714 568; x_wconf 83' lang='lat' dir='ltr'>portu</span> <span class='ocrx_word' id='word_1_8' title='bbox 743 506 865 568; x_wconf 81' lang='lat' dir='ltr'>uapore</span> <span class='ocrx_word' id='word_1_9' title='bbox 887 496 918 552; x_wconf 91' lang='lat' dir='ltr'>et</span> <span class='ocrx_word' id='word_1_10' title='bbox 943 507 1016 552; x_wconf 90' lang='lat' dir='ltr'>cum</span> <span class='ocrx_word' id='word_1_11' title='bbox 1040 486 1099 550; x_wconf 81' lang='lat' dir='ltr'>sub</span> <span class='ocrx_word' id='word_1_12' title='bbox 1124 488 1287 569; x_wconf 91' lang='lat' dir='ltr'>praeposi-</span> 
     </span>
     <span class='ocr_line' id='line_1_3' title="bbox 149 588 1287 670; baseline 0 -18"><span class='ocrx_word' id='word_1_13' title='bbox 149 590 258 655; x_wconf 85' lang='lat' dir='ltr'>tione:</span> <span class='ocrx_word' id='word_1_14' title='bbox 292 588 333 655; x_wconf 92' lang='lat' dir='ltr'>lV</span> <span class='ocrx_word' id='word_1_15' title='bbox 366 589 426 653; x_wconf 77' lang='lat'>211</span> <span class='ocrx_word' id='word_1_16' title='bbox 463 588 565 653; x_wconf 67' lang='lat' dir='ltr'>sumtu</span> <span class='ocrx_word' id='word_1_17' title='bbox 598 610 635 654; x_wconf 86' lang='lat' dir='ltr'>ee</span> <span class='ocrx_word' id='word_1_18' title='bbox 664 589 815 670; x_wconf 72' lang='lat' dir='ltr'>prinlum</span> <span class='ocrx_word' id='word_1_19' title='bbox 848 589 908 653; x_wconf 76' lang='lat' dir='ltr'>eruli</span> <span class='ocrx_word' id='word_1_20' title='bbox 934 589 993 653; x_wconf 83' lang='lat' dir='ltr'>diu</span> <span class='ocrx_word' id='word_1_21' title='bbox 1015 590 1161 670; x_wconf 79' lang='lat' dir='ltr'>spendor</span> <span class='ocrx_word' id='word_1_22' title='bbox 1183 589 1287 669; x_wconf 79' lang='lat' dir='ltr'>uqrrur&#39;</span> 
     </span>
     <span class='ocr_line' id='line_1_4' title="bbox 149 688 309 755; baseline 0.006 -1"><span class='ocrx_word' id='word_1_23' title='bbox 149 688 309 755; x_wconf 78' lang='lat' dir='ltr'><em>Ponitur.</em></span> 
     </span>
    </p>

    <p class='ocr_par' dir='ltr' id='par_1_3' title="bbox 149 794 1360 962">
     <span class='ocr_line' id='line_1_5' title="bbox 258 794 1360 876; baseline 0.001 -21"><span class='ocrx_word' id='word_1_24' title='bbox 258 799 419 874; x_wconf 82' lang='lat' dir='ltr'>deponere.</span> <span class='ocrx_word' id='word_1_25' title='bbox 462 795 536 859; x_wconf 92' lang='lat' dir='ltr'>Non</span> <span class='ocrx_word' id='word_1_26' title='bbox 572 795 713 860; x_wconf 90' lang='lat' dir='ltr'>occurrit</span> <span class='ocrx_word' id='word_1_27' title='bbox 749 796 810 858; x_wconf 92' lang='lat' dir='ltr'>nisi</span> <span class='ocrx_word' id='word_1_28' title='bbox 847 814 921 859; x_wconf 89' lang='lat' dir='ltr'>eum</span> <span class='ocrx_word' id='word_1_29' title='bbox 955 794 1197 876; x_wconf 81' lang='lat' dir='ltr'>praepositione</span> <span class='ocrx_word' id='word_1_30' title='bbox 1222 814 1286 875; x_wconf 85' lang='lat' dir='ltr'>per</span> <span class='ocrx_word' id='word_1_31' title='bbox 1358 802 1360 806; x_wconf 73' lang='lat'>‘</span> 
     </span>
     <span class='ocr_line' id='line_1_6' title="bbox 149 896 493 962; baseline 0.006 -2"><span class='ocrx_word' id='word_1_32' title='bbox 149 896 363 961; x_wconf 89' lang='lat' dir='ltr'>coniunctum</span> <span class='ocrx_word' id='word_1_33' title='bbox 386 896 399 959; x_wconf 96' lang='lat' dir='ltr'>l</span> <span class='ocrx_word' id='word_1_34' title='bbox 421 897 493 962; x_wconf 78' lang='lat'>257.</span> 
     </span>
    </p>

    <p class='ocr_par' dir='ltr' id='par_1_4' title="bbox 148 998 1285 1491">
     <span class='ocr_line' id='line_1_7' title="bbox 260 998 1285 1079; baseline 0.001 -18"><span class='ocrx_word' id='word_1_35' title='bbox 260 1018 418 1079; x_wconf 86' lang='lat' dir='ltr'>reponere.</span> <span class='ocrx_word' id='word_1_36' title='bbox 463 999 501 1063; x_wconf 94' lang='lat' dir='ltr'>lll</span> <span class='ocrx_word' id='word_1_37' title='bbox 524 1001 585 1064; x_wconf 86' lang='grc'>346</span> <span class='ocrx_word' id='word_1_38' title='bbox 610 1000 653 1064; x_wconf 89' lang='lat' dir='ltr'><em>M</em></span> <span class='ocrx_word' id='word_1_39' title='bbox 659 999 827 1064; x_wconf 65' lang='lat' dir='ltr'>utereris</span> <span class='ocrx_word' id='word_1_40' title='bbox 851 999 948 1064; x_wconf 80' lang='lat' dir='ltr'>etium</span> <span class='ocrx_word' id='word_1_41' title='bbox 971 999 1162 1062; x_wconf 74' lang='lat' dir='ltr'>merituris</span> <span class='ocrx_word' id='word_1_42' title='bbox 1178 998 1285 1062; x_wconf 82' lang='lat' dir='ltr'>uiro-</span> 
     </span>
     <span class='ocr_line' id='line_1_8' title="bbox 155 1102 1285 1183; baseline 0.002 -19"><span class='ocrx_word' id='word_1_43' title='bbox 155 1121 238 1180; x_wconf 78' lang='lat' dir='ltr'>puc</span> <span class='ocrx_word' id='word_1_44' title='bbox 270 1105 420 1182; x_wconf 64' lang='lat' dir='ltr'>repertu·</span> <span class='ocrx_word' id='word_1_45' title='bbox 456 1103 517 1166; x_wconf 83' lang='lat'>104</span> <span class='ocrx_word' id='word_1_46' title='bbox 551 1102 605 1167; x_wconf 80' lang='lat' dir='ltr'>Sic</span> <span class='ocrx_word' id='word_1_47' title='bbox 636 1102 741 1166; x_wconf 77' lang='lat' dir='ltr'>animi</span> <span class='ocrx_word' id='word_1_48' title='bbox 773 1123 908 1167; x_wconf 75' lang='lat' dir='ltr'>seersum</span> <span class='ocrx_word' id='word_1_49' title='bbox 931 1124 1001 1167; x_wconf 80' lang='lat' dir='ltr'>nou</span> <span class='ocrx_word' id='word_1_50' title='bbox 1025 1107 1142 1167; x_wconf 78' lang='lat' dir='ltr'>cartu</span> <span class='ocrx_word' id='word_1_51' title='bbox 1158 1107 1285 1183; x_wconf 78' lang='lat' dir='ltr'>purte</span> 
     </span>
     <span class='ocr_line' id='line_1_9' title="bbox 150 1204 1285 1287; baseline 0.001 -21"><span class='ocrx_word' id='word_1_52' title='bbox 150 1207 333 1284; x_wconf 74' lang='lat' dir='ltr'>reponunt.</span> <span class='ocrx_word' id='word_1_53' title='bbox 379 1204 461 1270; x_wconf 91' lang='lat' dir='ltr'>Cum</span> <span class='ocrx_word' id='word_1_54' title='bbox 484 1206 724 1287; x_wconf 83' lang='lat' dir='ltr'>praepositione</span> <span class='ocrx_word' id='word_1_55' title='bbox 746 1205 798 1269; x_wconf 77' lang='lat' dir='ltr'>irs:</span> <span class='ocrx_word' id='word_1_56' title='bbox 822 1206 849 1270; x_wconf 88' lang='lat' dir='ltr'>V</span> <span class='ocrx_word' id='word_1_57' title='bbox 872 1207 935 1272; x_wconf 85' lang='grc'>686</span> <span class='ocrx_word' id='word_1_58' title='bbox 958 1205 1006 1269; x_wconf 82' lang='lat' dir='ltr'>Et</span> <span class='ocrx_word' id='word_1_59' title='bbox 1028 1205 1116 1285; x_wconf 76' lang='lat' dir='ltr'>quod</span> <span class='ocrx_word' id='word_1_60' title='bbox 1132 1205 1171 1269; x_wconf 83' lang='lat' dir='ltr'>ab</span> <span class='ocrx_word' id='word_1_61' title='bbox 1189 1205 1285 1269; x_wconf 82' lang='lat' dir='ltr'>elter-</span> 
     </span>
     <span class='ocr_line' id='line_1_10' title="bbox 152 1305 1285 1389; baseline 0.002 -21"><span class='ocrx_word' id='word_1_62' title='bbox 152 1309 235 1369; x_wconf 81' lang='lat' dir='ltr'>rrtru</span> <span class='ocrx_word' id='word_1_63' title='bbox 268 1305 414 1370; x_wconf 75' lang='lat' dir='ltr'>detraxit</span> <span class='ocrx_word' id='word_1_64' title='bbox 439 1311 549 1388; x_wconf 77' lang='lat' dir='ltr'>purte,</span> <span class='ocrx_word' id='word_1_65' title='bbox 583 1307 716 1389; x_wconf 78' lang='lat' dir='ltr'>reponit</span> <span class='ocrx_word' id='word_1_66' title='bbox 739 1307 826 1371; x_wconf 75' lang='lat' dir='ltr'>Eius</span> <span class='ocrx_word' id='word_1_67' title='bbox 858 1307 896 1372; x_wconf 83' lang='lat' dir='ltr'>iu</span> <span class='ocrx_word' id='word_1_68' title='bbox 930 1308 1069 1372; x_wconf 72' lang='lat' dir='ltr'>(telumue</span> <span class='ocrx_word' id='word_1_69' title='bbox 1095 1311 1185 1373; x_wconf 78' lang='lat' dir='ltr'>tereto</span> <span class='ocrx_word' id='word_1_70' title='bbox 1203 1307 1285 1389; x_wconf 71' lang='lat' dir='ltr'>plus</span> 
     </span>
     <span class='ocr_line' id='line_1_11' title="bbox 148 1410 407 1491; baseline 0.008 -19"><span class='ocrx_word' id='word_1_71' title='bbox 148 1413 250 1491; x_wconf 83' lang='lat' dir='ltr'>perte</span> <span class='ocrx_word' id='word_1_72' title='bbox 272 1410 407 1475; x_wconf 83' lang='lat' dir='ltr'>relatus.</span> 
     </span>
    </p>
   </div>
   <div class='ocr_carea' id='block_1_3' title="bbox 489 1734 955 1814">
    <p class='ocr_par' dir='ltr' id='par_1_5' title="bbox 489 1734 955 1814">
     <span class='ocr_line' id='line_1_12' title="bbox 489 1734 955 1814; baseline 0.009 -4"><span class='ocrx_word' id='word_1_73' title='bbox 489 1734 541 1810; x_wconf 90' lang='lat' dir='ltr'>H.</span> <span class='ocrx_word' id='word_1_74' title='bbox 595 1738 955 1814; x_wconf 82' lang='lat' dir='ltr'>Instrumentalis.</span> 
     </span>
    </p>
   </div>
   <div class='ocr_carea' id='block_1_4' title="bbox 156 1955 1282 2044">
    <p class='ocr_par' dir='ltr' id='par_1_6' title="bbox 156 1955 1282 2044">
     <span class='ocr_line' id='line_1_13' title="bbox 156 1955 1282 2044; baseline -0.002 -21"><span class='ocrx_word' id='word_1_75' title='bbox 156 1955 255 2040; x_wconf 62' lang='lat'>§20-</span> <span class='ocrx_word' id='word_1_76' title='bbox 298 1956 349 2024; x_wconf 86' lang='lat' dir='ltr'>Ile</span> <span class='ocrx_word' id='word_1_77' title='bbox 377 1959 413 2025; x_wconf 90' lang='lat' dir='ltr'>vi</span> <span class='ocrx_word' id='word_1_78' title='bbox 439 1960 475 2025; x_wconf 85' lang='lat' dir='ltr'>et</span> <span class='ocrx_word' id='word_1_79' title='bbox 500 1977 564 2026; x_wconf 91' lang='lat' dir='ltr'>usu</span> <span class='ocrx_word' id='word_1_80' title='bbox 593 1959 873 2026; x_wconf 83' lang='lat' dir='ltr'>instrumentalis</span> <span class='ocrx_word' id='word_1_81' title='bbox 895 1959 1053 2026; x_wconf 86' lang='lat' dir='ltr'>universe</span> <span class='ocrx_word' id='word_1_82' title='bbox 1075 1959 1282 2044; x_wconf 81' lang='lat' dir='ltr'>disputatur.</span> 
     </span>
    </p>
   </div>
   <div class='ocr_carea' id='block_1_5' title="bbox 154 2125 1284 4267">
    <p class='ocr_par' dir='ltr' id='par_1_7' title="bbox 154 2125 1284 4267">
     <span class='ocr_line' id='line_1_14' title="bbox 258 2125 1283 2209; baseline 0.003 -20"><span class='ocrx_word' id='word_1_83' title='bbox 258 2126 513 2192; x_wconf 83' lang='lat' dir='ltr'>instrumentalis</span> <span class='ocrx_word' id='word_1_84' title='bbox 547 2146 643 2191; x_wconf 90' lang='lat' dir='ltr'>casus</span> <span class='ocrx_word' id='word_1_85' title='bbox 677 2145 837 2209; x_wconf 87' lang='lat' dir='ltr'>quaenam</span> <span class='ocrx_word' id='word_1_86' title='bbox 871 2125 965 2190; x_wconf 90' lang='lat' dir='ltr'>suerit</span> <span class='ocrx_word' id='word_1_87' title='bbox 999 2126 1153 2208; x_wconf 90' lang='lat' dir='ltr'>primaria</span> <span class='ocrx_word' id='word_1_88' title='bbox 1182 2128 1229 2191; x_wconf 92' lang='lat' dir='ltr'>vis</span> <span class='ocrx_word' id='word_1_89' title='bbox 1252 2138 1283 2192; x_wconf 90' lang='lat' dir='ltr'>et</span> 
     </span>
     <span class='ocr_line' id='line_1_15' title="bbox 156 2227 1283 2311; baseline 0.002 -19"><span class='ocrx_word' id='word_1_90' title='bbox 156 2227 347 2310; x_wconf 87' lang='lat' dir='ltr'>significatio</span> <span class='ocrx_word' id='word_1_91' title='bbox 382 2227 424 2292; x_wconf 90' lang='lat' dir='ltr'>ab</span> <span class='ocrx_word' id='word_1_92' title='bbox 457 2230 528 2293; x_wconf 91' lang='lat' dir='ltr'>aliis</span> <span class='ocrx_word' id='word_1_93' title='bbox 561 2230 782 2311; x_wconf 84' lang='lat' dir='ltr'>grammaticis</span> <span class='ocrx_word' id='word_1_94' title='bbox 815 2230 908 2293; x_wconf 91' lang='lat' dir='ltr'>aliter</span> <span class='ocrx_word' id='word_1_95' title='bbox 941 2235 990 2293; x_wconf 88' lang='lat' dir='ltr'>est</span> <span class='ocrx_word' id='word_1_96' title='bbox 1017 2229 1283 2294; x_wconf 89' lang='lat' dir='ltr'>demonstratum.</span> 
     </span>
     <span class='ocr_line' id='line_1_16' title="bbox 154 2330 1284 2416; baseline -0.001 -19"><span class='ocrx_word' id='word_1_97' title='bbox 154 2330 282 2414; x_wconf 89' lang='lat' dir='ltr'>Optime</span> <span class='ocrx_word' id='word_1_98' title='bbox 304 2350 381 2397; x_wconf 91' lang='lat' dir='ltr'>vero</span> <span class='ocrx_word' id='word_1_99' title='bbox 405 2332 633 2396; x_wconf 88' lang='lat' dir='ltr'>Delbrueckius</span> <span class='ocrx_word' id='word_1_100' title='bbox 667 2332 785 2414; x_wconf 89' lang='lat' dir='ltr'>aliique</span> <span class='ocrx_word' id='word_1_101' title='bbox 808 2333 1085 2397; x_wconf 84' lang='lat' dir='ltr'>instrumentalem</span> <span class='ocrx_word' id='word_1_102' title='bbox 1109 2334 1141 2396; x_wconf 92' lang='lat' dir='ltr'>in</span> <span class='ocrx_word' id='word_1_103' title='bbox 1170 2335 1284 2416; x_wconf 88' lang='lat' dir='ltr'>linguis</span> 
     </span>
     <span class='ocr_line' id='line_1_17' title="bbox 154 2434 1283 2516; baseline 0.003 -18"><span class='ocrx_word' id='word_1_104' title='bbox 154 2434 426 2516; x_wconf 88' lang='lat' dir='ltr'>indogermanicis</span> <span class='ocrx_word' id='word_1_105' title='bbox 459 2435 607 2515; x_wconf 88' lang='lat' dir='ltr'>primitus</span> <span class='ocrx_word' id='word_1_106' title='bbox 630 2453 669 2499; x_wconf 92' lang='lat' dir='ltr'>ea</span> <span class='ocrx_word' id='word_1_107' title='bbox 692 2436 818 2500; x_wconf 90' lang='lat' dir='ltr'>ratione</span> <span class='ocrx_word' id='word_1_108' title='bbox 840 2443 1029 2516; x_wconf 89' lang='lat' dir='ltr'>usurpatum</span> <span class='ocrx_word' id='word_1_109' title='bbox 1054 2454 1125 2500; x_wconf 88' lang='lat' dir='ltr'>esse</span> <span class='ocrx_word' id='word_1_110' title='bbox 1148 2444 1283 2503; x_wconf 90' lang='lat' dir='ltr'>eonten-</span> 
     </span>
     <span class='ocr_line' id='line_1_18' title="bbox 155 2538 1282 2621; baseline 0.002 -18"><span class='ocrx_word' id='word_1_111' title='bbox 155 2538 279 2617; x_wconf 91' lang='lat' dir='ltr'>derunt,</span> <span class='ocrx_word' id='word_1_112' title='bbox 302 2544 427 2602; x_wconf 90' lang='lat' dir='ltr'>utrem</span> <span class='ocrx_word' id='word_1_113' title='bbox 451 2538 656 2620; x_wconf 82' lang='lat' dir='ltr'>signiticaret,</span> <span class='ocrx_word' id='word_1_114' title='bbox 685 2558 825 2621; x_wconf 89' lang='lat' dir='ltr'>quacum</span> <span class='ocrx_word' id='word_1_115' title='bbox 860 2539 975 2620; x_wconf 89' lang='lat' dir='ltr'>aliquis</span> <span class='ocrx_word' id='word_1_116' title='bbox 998 2540 1030 2601; x_wconf 90' lang='lat' dir='ltr'>in</span> <span class='ocrx_word' id='word_1_117' title='bbox 1054 2540 1179 2620; x_wconf 89' lang='lat' dir='ltr'>agendo</span> <span class='ocrx_word' id='word_1_118' title='bbox 1204 2560 1282 2606; x_wconf 90' lang='lat' dir='ltr'>oon-</span> 
     </span>
     <span class='ocr_line' id='line_1_19' title="bbox 154 2641 1283 2723; baseline 0.002 -18"><span class='ocrx_word' id='word_1_119' title='bbox 154 2642 297 2706; x_wconf 90' lang='lat' dir='ltr'>sociatus</span> <span class='ocrx_word' id='word_1_120' title='bbox 327 2658 400 2706; x_wconf 91' lang='lat' dir='ltr'>esse</span> <span class='ocrx_word' id='word_1_121' title='bbox 432 2642 600 2706; x_wconf 82' lang='lat' dir='ltr'>diceretur.</span> <span class='ocrx_word' id='word_1_122' title='bbox 645 2641 737 2706; x_wconf 92' lang='lat' dir='ltr'>Hanc</span> <span class='ocrx_word' id='word_1_123' title='bbox 771 2644 797 2704; x_wconf 91' lang='lat' dir='ltr'>si</span> <span class='ocrx_word' id='word_1_124' title='bbox 820 2644 1003 2723; x_wconf 85' lang='lat' dir='ltr'>generalem</span> <span class='ocrx_word' id='word_1_125' title='bbox 1027 2644 1283 2709; x_wconf 85' lang='lat' dir='ltr'>instrumentalis</span> 
     </span>
     <span class='ocr_line' id='line_1_20' title="bbox 155 2743 1281 2826; baseline 0.003 -18"><span class='ocrx_word' id='word_1_126' title='bbox 155 2744 422 2826; x_wconf 87' lang='lat' dir='ltr'>significationem</span> <span class='ocrx_word' id='word_1_127' title='bbox 446 2743 544 2809; x_wconf 85' lang='lat' dir='ltr'>fuisse</span> <span class='ocrx_word' id='word_1_128' title='bbox 578 2745 879 2823; x_wconf 87' lang='lat' dir='ltr'>existimaverimus,</span> <span class='ocrx_word' id='word_1_129' title='bbox 915 2743 1007 2808; x_wconf 87' lang='lat' dir='ltr'>facile</span> <span class='ocrx_word' id='word_1_130' title='bbox 1042 2764 1107 2826; x_wconf 88' lang='lat' dir='ltr'>quo</span> <span class='ocrx_word' id='word_1_131' title='bbox 1131 2746 1227 2811; x_wconf 90' lang='lat' dir='ltr'>modo</span> <span class='ocrx_word' id='word_1_132' title='bbox 1250 2748 1281 2811; x_wconf 89' lang='lat' dir='ltr'>in</span> 
     </span>
     <span class='ocr_line' id='line_1_21' title="bbox 155 2847 1283 2929; baseline 0.002 -18"><span class='ocrx_word' id='word_1_133' title='bbox 155 2849 246 2911; x_wconf 87' lang='lat' dir='ltr'>varia</span> <span class='ocrx_word' id='word_1_134' title='bbox 278 2865 399 2929; x_wconf 89' lang='lat' dir='ltr'>genera</span> <span class='ocrx_word' id='word_1_135' title='bbox 432 2847 559 2911; x_wconf 86' lang='lat' dir='ltr'>fluxerit</span> <span class='ocrx_word' id='word_1_136' title='bbox 592 2868 670 2912; x_wconf 89' lang='lat' dir='ltr'>usus</span> <span class='ocrx_word' id='word_1_137' title='bbox 692 2848 923 2929; x_wconf 87' lang='lat' dir='ltr'>intellegemus.</span> <span class='ocrx_word' id='word_1_138' title='bbox 969 2847 1051 2910; x_wconf 92' lang='lat' dir='ltr'>Nam</span> <span class='ocrx_word' id='word_1_139' title='bbox 1075 2849 1214 2928; x_wconf 91' lang='lat' dir='ltr'>primum</span> <span class='ocrx_word' id='word_1_140' title='bbox 1239 2851 1283 2913; x_wconf 92' lang='lat' dir='ltr'>in-</span> 
     </span>
     <span class='ocr_line' id='line_1_22' title="bbox 155 2951 1283 3034; baseline 0.001 -18"><span class='ocrx_word' id='word_1_141' title='bbox 155 2951 373 3017; x_wconf 89' lang='lat' dir='ltr'>strumentalis</span> <span class='ocrx_word' id='word_1_142' title='bbox 406 2952 565 3017; x_wconf 83' lang='lat' dir='ltr'>sociative</span> <span class='ocrx_word' id='word_1_143' title='bbox 595 2970 692 3016; x_wconf 89' lang='lat' dir='ltr'>sensu</span> <span class='ocrx_word' id='word_1_144' title='bbox 716 2971 873 3033; x_wconf 85' lang='lat' dir='ltr'>personas</span> <span class='ocrx_word' id='word_1_145' title='bbox 897 2951 946 3014; x_wconf 86' lang='lat' dir='ltr'>vel</span> <span class='ocrx_word' id='word_1_146' title='bbox 969 2968 1021 3014; x_wconf 89' lang='lat' dir='ltr'>res</span> <span class='ocrx_word' id='word_1_147' title='bbox 1043 2951 1174 3024; x_wconf 83' lang='lat' dir='ltr'>indicat,</span> <span class='ocrx_word' id='word_1_148' title='bbox 1199 2972 1283 3034; x_wconf 90' lang='lat' dir='ltr'>quae</span> 
     </span>
     <span class='ocr_line' id='line_1_23' title="bbox 154 3053 1280 3136; baseline 0.001 -19"><span class='ocrx_word' id='word_1_149' title='bbox 154 3053 242 3119; x_wconf 89' lang='lat' dir='ltr'>verbi</span> <span class='ocrx_word' id='word_1_150' title='bbox 263 3053 427 3117; x_wconf 90' lang='lat' dir='ltr'>actionem</span> <span class='ocrx_word' id='word_1_151' title='bbox 450 3055 543 3136; x_wconf 91' lang='lat' dir='ltr'>qnasi</span> <span class='ocrx_word' id='word_1_152' title='bbox 566 3055 772 3133; x_wconf 88' lang='lat' dir='ltr'>comitantur,</span> <span class='ocrx_word' id='word_1_153' title='bbox 797 3054 912 3118; x_wconf 90' lang='lat' dir='ltr'>deinde</span> <span class='ocrx_word' id='word_1_154' title='bbox 927 3053 1190 3131; x_wconf 72' lang='lat' dir='ltr'>instrumentalis</span> <span class='ocrx_word' id='word_1_155' title='bbox 1208 3074 1280 3118; x_wconf 91' lang='lat' dir='ltr'>cum</span> 
     </span>
     <span class='ocr_line' id='line_1_24' title="bbox 154 3156 1282 3239; baseline 0.001 -19"><span class='ocrx_word' id='word_1_156' title='bbox 154 3157 358 3239; x_wconf 88' lang='lat' dir='ltr'>prosecutiva</span> <span class='ocrx_word' id='word_1_157' title='bbox 381 3156 413 3219; x_wconf 95' lang='lat' dir='ltr'>vi</span> <span class='ocrx_word' id='word_1_158' title='bbox 435 3164 608 3238; x_wconf 88' lang='lat' dir='ltr'>usurpatus</span> <span class='ocrx_word' id='word_1_159' title='bbox 641 3165 700 3237; x_wconf 90' lang='lat' dir='ltr'>est,</span> <span class='ocrx_word' id='word_1_160' title='bbox 731 3158 881 3239; x_wconf 88' lang='lat' dir='ltr'>spatium,</span> <span class='ocrx_word' id='word_1_161' title='bbox 904 3175 962 3237; x_wconf 90' lang='lat' dir='ltr'>per</span> <span class='ocrx_word' id='word_1_162' title='bbox 984 3156 1071 3238; x_wconf 89' lang='lat' dir='ltr'>quod</span> <span class='ocrx_word' id='word_1_163' title='bbox 1094 3156 1179 3220; x_wconf 89' lang='lat' dir='ltr'>actio</span> <span class='ocrx_word' id='word_1_164' title='bbox 1203 3176 1282 3221; x_wconf 90' lang='lat' dir='ltr'>eon·</span> 
     </span>
     <span class='ocr_line' id='line_1_25' title="bbox 154 3258 1282 3341; baseline 0.002 -20"><span class='ocrx_word' id='word_1_165' title='bbox 154 3258 305 3336; x_wconf 88' lang='lat' dir='ltr'>tinuatur,</span> <span class='ocrx_word' id='word_1_166' title='bbox 339 3259 407 3322; x_wconf 89' lang='lat' dir='ltr'>sive</span> <span class='ocrx_word' id='word_1_167' title='bbox 440 3260 503 3324; x_wconf 90' lang='lat' dir='ltr'>loci</span> <span class='ocrx_word' id='word_1_168' title='bbox 526 3261 593 3324; x_wconf 91' lang='lat' dir='ltr'>sive</span> <span class='ocrx_word' id='word_1_169' title='bbox 616 3262 781 3341; x_wconf 89' lang='lat' dir='ltr'>temporis,</span> <span class='ocrx_word' id='word_1_170' title='bbox 805 3259 974 3341; x_wconf 87' lang='lat' dir='ltr'>significat,</span> <span class='ocrx_word' id='word_1_171' title='bbox 997 3266 1066 3322; x_wconf 92' lang='lat' dir='ltr'>tum</span> <span class='ocrx_word' id='word_1_172' title='bbox 1089 3262 1282 3325; x_wconf 90' lang='lat' dir='ltr'>instrumen-</span> 
     </span>
     <span class='ocr_line' id='line_1_26' title="bbox 155 3362 1281 3446; baseline 0.002 -21"><span class='ocrx_word' id='word_1_173' title='bbox 155 3362 219 3440; x_wconf 90' lang='lat' dir='ltr'>tali,</span> <span class='ocrx_word' id='word_1_174' title='bbox 242 3362 298 3444; x_wconf 92' lang='lat' dir='ltr'>qui</span> <span class='ocrx_word' id='word_1_175' title='bbox 319 3363 449 3446; x_wconf 91' lang='lat' dir='ltr'>proprie</span> <span class='ocrx_word' id='word_1_176' title='bbox 471 3364 518 3426; x_wconf 90' lang='lat' dir='ltr'>sie</span> <span class='ocrx_word' id='word_1_177' title='bbox 541 3365 728 3446; x_wconf 87' lang='lat' dir='ltr'>appellatur,</span> <span class='ocrx_word' id='word_1_178' title='bbox 752 3364 940 3445; x_wconf 85' lang='lat' dir='ltr'>exprimitur</span> <span class='ocrx_word' id='word_1_179' title='bbox 956 3363 1281 3445; x_wconf 89' lang='lat' dir='ltr'>instrumentumque</span> 
     </span>
     <span class='ocr_line' id='line_1_27' title="bbox 155 3458 1282 3547; baseline 0.002 -19"><span class='ocrx_word' id='word_1_180' title='bbox 155 3464 232 3547; x_wconf 89' lang='lat' dir='ltr'>quid</span> <span class='ocrx_word' id='word_1_181' title='bbox 252 3462 398 3530; x_wconf 83' lang='lat' dir='ltr'>efficitur.</span> <span class='ocrx_word' id='word_1_182' title='bbox 443 3466 528 3529; x_wconf 91' lang='lat' dir='ltr'>Illius</span> <span class='ocrx_word' id='word_1_183' title='bbox 551 3486 629 3532; x_wconf 88' lang='lat' dir='ltr'>vero</span> <span class='ocrx_word' id='word_1_184' title='bbox 652 3486 748 3531; x_wconf 85' lang='lat' dir='ltr'>casus</span> <span class='ocrx_word' id='word_1_185' title='bbox 766 3458 804 3529; x_wconf 63' lang='lat' dir='ltr'>&#39;in</span> <span class='ocrx_word' id='word_1_186' title='bbox 827 3466 935 3547; x_wconf 93' lang='lat' dir='ltr'>lingua</span> <span class='ocrx_word' id='word_1_187' title='bbox 959 3466 1058 3529; x_wconf 90' lang='lat' dir='ltr'>latina</span> <span class='ocrx_word' id='word_1_188' title='bbox 1087 3486 1192 3547; x_wconf 91' lang='lat' dir='ltr'>panca</span> <span class='ocrx_word' id='word_1_189' title='bbox 1214 3474 1282 3530; x_wconf 89' lang='lat' dir='ltr'>tan·</span> 
     </span>
     <span class='ocr_line' id='line_1_28' title="bbox 154 3570 1282 3652; baseline 0.003 -22"><span class='ocrx_word' id='word_1_190' title='bbox 154 3573 221 3631; x_wconf 91' lang='lat' dir='ltr'>tum</span> <span class='ocrx_word' id='word_1_191' title='bbox 244 3575 472 3633; x_wconf 87' lang='lat' dir='ltr'>remanserunt</span> <span class='ocrx_word' id='word_1_192' title='bbox 493 3571 638 3651; x_wconf 90' lang='lat' dir='ltr'>vestigia,</span> <span class='ocrx_word' id='word_1_193' title='bbox 660 3572 736 3652; x_wconf 89' lang='lat' dir='ltr'>quia</span> <span class='ocrx_word' id='word_1_194' title='bbox 751 3576 860 3650; x_wconf 88' lang='lat' dir='ltr'>partes</span> <span class='ocrx_word' id='word_1_195' title='bbox 876 3570 946 3634; x_wconf 90' lang='lat' dir='ltr'>eius</span> <span class='ocrx_word' id='word_1_196' title='bbox 962 3587 1101 3652; x_wconf 88' lang='lat' dir='ltr'>quoque,</span> <span class='ocrx_word' id='word_1_197' title='bbox 1119 3588 1193 3633; x_wconf 92' lang='lat' dir='ltr'>cum</span> <span class='ocrx_word' id='word_1_198' title='bbox 1209 3588 1282 3633; x_wconf 86' lang='lat' dir='ltr'>exo-</span> 
     </span>
     <span class='ocr_line' id='line_1_29' title="bbox 155 3670 1282 3754; baseline 0.002 -22"><span class='ocrx_word' id='word_1_199' title='bbox 155 3670 293 3750; x_wconf 81' lang='lat' dir='ltr'>levisset,</span> <span class='ocrx_word' id='word_1_200' title='bbox 328 3670 370 3734; x_wconf 89' lang='lat' dir='ltr'>ab</span> <span class='ocrx_word' id='word_1_201' title='bbox 404 3671 546 3736; x_wconf 88' lang='lat' dir='ltr'>ablativo</span> <span class='ocrx_word' id='word_1_202' title='bbox 579 3681 731 3754; x_wconf 89' lang='lat' dir='ltr'>receptae</span> <span class='ocrx_word' id='word_1_203' title='bbox 764 3678 847 3735; x_wconf 91' lang='lat' dir='ltr'>sunt.</span> <span class='ocrx_word' id='word_1_204' title='bbox 892 3672 957 3734; x_wconf 89' lang='lat' dir='ltr'>lam</span> <span class='ocrx_word' id='word_1_205' title='bbox 990 3672 1076 3753; x_wconf 89' lang='lat' dir='ltr'>apud</span> <span class='ocrx_word' id='word_1_206' title='bbox 1101 3672 1282 3737; x_wconf 86' lang='lat' dir='ltr'>Lucretium</span> 
     </span>
     <span class='ocr_line' id='line_1_30' title="bbox 155 3773 1282 3854; baseline 0.002 -18"><span class='ocrx_word' id='word_1_207' title='bbox 155 3773 309 3854; x_wconf 88' lang='lat' dir='ltr'>qnoniam</span> <span class='ocrx_word' id='word_1_208' title='bbox 338 3793 416 3838; x_wconf 91' lang='lat' dir='ltr'>usus</span> <span class='ocrx_word' id='word_1_209' title='bbox 438 3774 571 3838; x_wconf 88' lang='lat' dir='ltr'>ablativi</span> <span class='ocrx_word' id='word_1_210' title='bbox 593 3774 848 3839; x_wconf 89' lang='lat' dir='ltr'>instrumentalis</span> <span class='ocrx_word' id='word_1_211' title='bbox 871 3776 949 3838; x_wconf 91' lang='lat' dir='ltr'>mihi</span> <span class='ocrx_word' id='word_1_212' title='bbox 972 3777 1032 3840; x_wconf 86' lang='lat' dir='ltr'>erit</span> <span class='ocrx_word' id='word_1_213' title='bbox 1055 3777 1282 3840; x_wconf 87' lang='lat' dir='ltr'>demonstran-</span> 
     </span>
     <span class='ocr_line' id='line_1_31' title="bbox 155 3876 1280 3960; baseline 0.003 -21"><span class='ocrx_word' id='word_1_214' title='bbox 155 3876 223 3955; x_wconf 89' lang='lat' dir='ltr'>dus,</span> <span class='ocrx_word' id='word_1_215' title='bbox 246 3877 387 3960; x_wconf 89' lang='lat' dir='ltr'>primurn</span> <span class='ocrx_word' id='word_1_216' title='bbox 422 3883 463 3941; x_wconf 86' lang='lat' dir='ltr'>de</span> <span class='ocrx_word' id='word_1_217' title='bbox 496 3879 665 3957; x_wconf 88' lang='lat' dir='ltr'>sociative,</span> <span class='ocrx_word' id='word_1_218' title='bbox 700 3879 816 3943; x_wconf 90' lang='lat' dir='ltr'>deinde</span> <span class='ocrx_word' id='word_1_219' title='bbox 851 3879 890 3943; x_wconf 90' lang='lat' dir='ltr'>de</span> <span class='ocrx_word' id='word_1_220' title='bbox 924 3880 1130 3960; x_wconf 87' lang='lat' dir='ltr'>prosecutivo</span> <span class='ocrx_word' id='word_1_221' title='bbox 1153 3896 1280 3958; x_wconf 89' lang='lat' dir='ltr'>genere,</span> 
     </span>
     <span class='ocr_line' id='line_1_32' title="bbox 155 3979 1281 4063; baseline 0.003 -22"><span class='ocrx_word' id='word_1_222' title='bbox 155 3986 221 4043; x_wconf 90' lang='lat' dir='ltr'>tum</span> <span class='ocrx_word' id='word_1_223' title='bbox 255 3979 296 4045; x_wconf 93' lang='lat' dir='ltr'>de</span> <span class='ocrx_word' id='word_1_224' title='bbox 327 3980 562 4046; x_wconf 86' lang='lat' dir='ltr'>instrumentali</span> <span class='ocrx_word' id='word_1_225' title='bbox 590 3983 719 4063; x_wconf 92' lang='lat' dir='ltr'>proprio</span> <span class='ocrx_word' id='word_1_226' title='bbox 744 4001 840 4063; x_wconf 89' lang='lat' dir='ltr'>agam</span> <span class='ocrx_word' id='word_1_227' title='bbox 864 4000 936 4045; x_wconf 89' lang='lat' dir='ltr'>eam</span> <span class='ocrx_word' id='word_1_228' title='bbox 974 3982 1134 4045; x_wconf 90' lang='lat' dir='ltr'>rationem</span> <span class='ocrx_word' id='word_1_229' title='bbox 1158 3983 1281 4062; x_wconf 90' lang='lat' dir='ltr'>perspi-</span> 
     </span>
     <span class='ocr_line' id='line_1_33' title="bbox 155 4082 1281 4166; baseline 0.004 -23"><span class='ocrx_word' id='word_1_230' title='bbox 155 4082 283 4146; x_wconf 85' lang='lat' dir='ltr'>cuitatis</span> <span class='ocrx_word' id='word_1_231' title='bbox 305 4102 406 4146; x_wconf 88' lang='lat' dir='ltr'>eausa</span> <span class='ocrx_word' id='word_1_232' title='bbox 429 4091 569 4162; x_wconf 69' lang='lat' dir='ltr'>secutus</span> <span class='ocrx_word' id='word_1_233' title='bbox 595 4093 629 4149; x_wconf 88' lang='lat' dir='ltr'>ut</span> <span class='ocrx_word' id='word_1_234' title='bbox 652 4086 784 4149; x_wconf 89' lang='lat' dir='ltr'>nomina</span> <span class='ocrx_word' id='word_1_235' title='bbox 815 4085 986 4166; x_wconf 92' lang='lat' dir='ltr'>inprimis,</span> <span class='ocrx_word' id='word_1_236' title='bbox 1015 4104 1081 4148; x_wconf 90' lang='lat' dir='ltr'>non</span> <span class='ocrx_word' id='word_1_237' title='bbox 1108 4083 1207 4148; x_wconf 90' lang='lat' dir='ltr'>verba</span> <span class='ocrx_word' id='word_1_238' title='bbox 1229 4103 1281 4148; x_wconf 90' lang='lat' dir='ltr'>re-</span> 
     </span>
     <span class='ocr_line' id='line_1_34' title="bbox 156 4185 467 4267; baseline 0.006 -18"><span class='ocrx_word' id='word_1_239' title='bbox 156 4185 263 4264; x_wconf 82' lang='lat' dir='ltr'>genua</span> <span class='ocrx_word' id='word_1_240' title='bbox 285 4187 467 4267; x_wconf 87' lang='lat' dir='ltr'>respiciam.</span> 
     </span>
    </p>
   </div>
   <div class='ocr_carea' id='block_1_6' title="bbox 0 0 1486 4890">
    <p class='ocr_par' dir='ltr' id='par_1_8' title="bbox 0 0 1486 4890">
     <span class='ocr_line' id='line_1_35' title="bbox 0 0 1486 4890; baseline 0 0"><span class='ocrx_word' id='word_1_241' title='bbox 0 0 1486 4890; x_wconf 95' lang='lat' dir='ltr'> </span> 
     </span>
    </p>
   </div>
  </div>
 </body>
</html>
