2964 4890
1216 224 1259 288 65

277 422 440 481 seeundum
473 416 574 480 semel
604 433 624 478 a
650 415 798 479 Lucretio
821 415 964 495 ponitur:
1001 412 1038 475 111
1061 414 1233 480 35116666
1256 434 1303 477 se-

173 521 324 585 cundnm
350 541 403 583 rer
426 517 532 583 enimi·
554 521 682 582 reaturo
705 517 837 581 videtur
859 517 967 596 Atqne
991 517 1124 582 animae
1140 517 1304 581 clarentio

173 623 257 687 meis
279 623 347 686 inne
369 621 518 686 versibus
542 641 619 684 esse.

280 745 390 806 mpero
422 746 516 806 snpra
551 730 583 790 et
614 726 709 790 locali
742 743 840 788 sensu
869 729 1044 804 usurpatur
1066 741 1092 786 e.
1115 741 1159 802 gr.
1182 721 1220 785 Ill
1243 722 1306 785 385

174 828 245 892 Ner
278 848 402 909 supero
435 833 536 909 capnt
569 827 713 892 eiusdem
749 826 902 891 reciet-isse
936 826 1054 890 riettrrn
1089 826 1213 889 Vestem

177 931 367 1008 Sentimne·
400 931 442 994 IV
473 933 537 996 403
570 931 628 994 eie
650 935 689 994 eti
709 930 777 994 inre
801 931 931 994 eredere
948 928 1083 1010 possint
1103 927 1179 992 Non
1202 947 1308 1007 supro

175 1055 247 1098 sere
269 1055 367 1097 rnere
390 1034 503 1098 omnin
528 1038 610 1098 teoto
632 1033 758 1099 reineri
781 1040 813 1097 et
836 1034 875 1096 de
897 1032 1183 1112 temporedioitur:
1205 1031 1308 1096 11326

178 1136 249 1202 Cer
271 1157 394 1217 eripere
417 1136 537 1200 bellurn
562 1135 756 1201 Thebanum
781 1140 812 1199 et
832 1135 956 1216 0666666
983 1134 1102 1199 Troiae
1124 1134 1201 1199 Non
1224 1133 1309 1197 etiae

179 1238 240 1303 atie·
264 1259 468 1319 porqueres
491 1238 637 1303 cecinere
653 1237 796 1321 poetae?

283 1350 372 1405 trans
405 1343 491 1423 apud
524 1342 708 1406 Lucretium
742 1343 801 1405 nisi
836 1342 994 1405 hocloco
1018 1339 1311 1405 nonoeeurritzV

179 1447 245 1510 914
270 1443 381 1508 Troes
403 1443 513 1508 orario
536 1444 605 1507 elin
622 1443 868 1525 pedemontis
891 1447 1072 1524 inponere
1089 1447 1210 1524 posset

286 1551 369 1611 ultre
402 1567 476 1612 curn
510 1548 698 1612 accusativo
732 1566 797 1611 uno
830 1548 903 1611 loco
938 1547 1153 1626 coniungitur:
1186 1545 1227 1610 IV
1251 1547 1312 1610 269

181 1649 285 1714 Nune
319 1669 389 1732 epe,
423 1671 483 1714 retr·
516 1650 606 1714 nitra
639 1650 809 1730 spernent
843 1647 998 1713 ridentur
1027 1648 1134 1731 integro
1157 1647 1313 1728 Periere·

183 1752 231 1818 cfr
253 1773 283 1834 p.
306 1754 356 1817 63.

289 1855 322 1917 Β.
368 1854 490 1918 Deinde
524 1873 580 1919 eas
612 1855 843 1936 perscrutabor
875 1855 1131 1936 praepositiones
1166 1872 1249 1935 quae
1283 1859 1315 1916 et

185 1978 262 2023 eum
285 1958 472 2021 accusativo
496 1964 528 2021 et
549 1977 624 2021 eum
648 1957 789 2021 ablativo
810 1963 984 2039 ponuntur,
1001 1976 1138 2038 quarum
1155 1957 1214 2020 has
1229 1956 1316 2037 apud

187 2060 372 2125 Lucretium
396 2079 469 2122 eum
493 2061 680 2124 accusativo
704 2059 897 2124 coniunctas
919 2061 1053 2141 repperi.

291 2167 333 2226 in.
368 2162 510 2225 Primum
546 2170 669 2226 motum
703 2164 735 2226 in
762 2165 870 2229 locum
893 2165 1050 2228 directum
1074 2182 1172 2244 quam
1194 2162 1317 2242 saepis-

188 2267 271 2330 sime
305 2266 452 2345 exprimit
480 2284 505 2329 6,
532 2285 577 2346 gr.
605 2266 618 2328 1
647 2267 688 2330 22
716 2265 784 2329 Ner
812 2266 885 2331 eine
913 2271 942 2330 te
971 2265 1149 2346 qnieonnrn
1179 2265 1252 2329 dine
1280 2263 1318 2329 in

191 2367 330 2433 reminis
358 2387 433 2431 orne
454 2367 635 2444 Enor·itnr·,·
659 2370 700 2433 33
722 2368 760 2433 in
782 2369 944 2451 premium
968 2369 1026 2448 qni
1047 2389 1146 2448 saepe
1170 2372 1262 2431 terno
1285 2388 1319 2431 re

189 2470 310 2536 Reicit.
356 2470 477 2534 Deinde
508 2472 730 2552 metaphorice
758 2491 856 2536 sensu
890 2473 929 2536 de
962 2479 1052 2535 motu
1076 2472 1182 2536 hostili
1205 2472 1320 2534 dicitur

189 2575 279 2638 velut
306 2573 334 2638 V
365 2575 445 2638 1309
479 2573 687 2654 Enpertiqne
720 2596 796 2638 sees
818 2595 932 2638 soenes
954 2581 1036 2640 sunt
1056 2575 1184 2639 mittere
1206 2574 1244 2638 ire
1267 2573 1320 2637 iro-

190 2677 269 2756 str's;
308 2677 385 2740 1317
420 2676 487 2740 Nee
515 2681 677 2757 poterent
710 2677 834 2756 eqrn'tes
867 2677 1003 2758 fremitu
1019 2677 1201 2758 perterrita
1225 2698 1321 2756 enno-

190 2801 270 2843 rnre
304 2779 443 2843 Pectore
470 2780 610 2844 mulcere
634 2784 666 2844 ei
685 2779 792 2861 frenis
816 2785 1002 2845 convertere
1024 2781 1063 2845 ire
1085 2781 1194 2844 hostie.
1240 2781 1322 2844 Tum

191 2884 234 2947 de
268 2888 415 2963 tempore
448 2882 618 2947 adhibetur
651 2902 677 2947 e.
704 2902 748 2964 gr.
778 2883 803 2946 Η
833 2886 897 2948 570
923 2883 990 2946 Ner
1012 2903 1172 2964 seperare
1195 2886 1325 2962 qnennt

194 2991 303 3050 moires
337 2985 448 3064 itaque
483 2985 632 3049 exitentes
661 2987 826 3066 Perpetuo
849 3007 957 3065 neone
979 2985 1017 3050 in
1040 2990 1212 3051 aeternnm
1234 3007 1323 3066 sepe·

195 3089 256 3152 lire
292 3087 450 3167 salnierny‘
483 3088 524 3151 IV
556 3090 619 3153 427
654 3088 807 3151 Porticus
829 3124 835 3136 ·
855 3124 861 3136 ·
881 3124 887 3137 ·
911 3088 1013 3154 Stans
1036 3124 1042 3138 ·
1064 3089 1102 3153 in
1122 3092 1324 3170 perpetuent

188 3189 335 3272 poribus
350 3188 492 3273 snffnitn
509 3189 679 3255 retornetis,
714 3190 896 3274 Separatim
914 3210 1136 3257 commemoro
1152 3191 1237 3256 inne
1251 3211 1325 3255 cum

195 3292 385 3359 accusativo
409 3298 644 3357 constructum:
667 3294 696 3357 V
721 3296 781 3358 102
804 3293 871 3358 Nee
895 3298 1007 3359 terren
1030 3294 1116 3359 irone
1126 3294 1236 3375 possis
1253 3314 1326 3357 oen-

198 3396 307 3460 lornm
329 3393 469 3458 subdere
491 3394 566 3458 nise
588 3395 655 3459 Nee
678 3395 785 3459 ineere
808 3396 895 3460 inde
916 3417 1047 3460 nocenter.

303 3502 358 3560 nub
391 3498 486 3561 locali
518 3497 750 3579 significatione
773 3500 904 3581 ponitur
925 3501 1011 3563 velut
1033 3500 1045 3562 I
1067 3500 1130 3564 447
1153 3499 1220 3563 Nee
1242 3519 1328 3578 perne

197 3599 259 3664 snb
294 3620 412 3664 sensns
446 3602 545 3664 cevent
567 3602 633 3664 nilo
658 3606 800 3682 tempore
824 3607 970 3682 nostroe·
992 3603 1033 3666 IV
1054 3604 1118 3668 416
1140 3603 1186 3666 At
1206 3602 1328 3666 6666166·

200 3706 254 3765 tor
289 3721 397 3781 nerine
419 3737 425 3750 ·
445 3738 476 3752 ··
499 3704 698 3784 Despeeinnr
720 3704 861 3784 praebet
881 3704 940 3767 snb
966 3709 1071 3768 terres
1092 3703 1203 3785 inpete
1227 3708 1329 3785 tertie,

200 3813 259 3870 aut
291 3806 448 3870 translato
484 3826 580 3871 sensu
615 3814 801 3889 usurpatur:
836 3807 864 3870 V
892 3811 973 3873 1147
1005 3829 1067 3887 otto
1092 3806 1198 3890 inopis
1220 3806 1330 3887 ipsene

203 3906 328 3988 Sponte
350 3928 414 3972 sno
437 3908 553 3972 recidit
573 3908 632 3972 snb
658 3908 743 3991 tepeo
767 3914 907 3989 ortoque
931 3910 1017 3974 iren.

307 4015 411 4074 subter
434 4031 507 4075 curn
531 4013 719 4076 accusativo
743 4014 947 4095 coniungitur
970 4032 995 4077 e.
1018 4032 1062 4093 gr.
1086 4013 1140 4075 12
1164 4010 1331 4075 6660660-

206 4116 254 4176 ter
277 4113 544 4197 terrenaeque
568 4117 661 4193 (gerne
685 4135 776 4178 eriere
799 4115 1007 4198 reneipernrn,
1031 4135 1116 4194 quere
1141 4118 1246 4177 terras
1261 4111 1332 4192 stne-

1232 4269 1247 4317 5
