<?xml version="1.0" encoding="UTF-8"?>
<!DOCTYPE html PUBLIC "-//W3C//DTD XHTML 1.0 Transitional//EN"
    "http://www.w3.org/TR/xhtml1/DTD/xhtml1-transitional.dtd">
<html xmlns="http://www.w3.org/1999/xhtml" xml:lang="en" lang="en">
 <head>
  <title>
</title>
<meta http-equiv="Content-Type" content="text/html;charset=utf-8" />
  <meta name='ocr-system' content='tesseract 3.04.00' />
  <meta name='ocr-capabilities' content='ocr_page ocr_carea ocr_par ocr_line ocrx_word'/>
</head>
<body>
  <div class='ocr_page' id='page_1' title='image "./decasvvmsyntaxi00hidgoog_0057.png"; bbox 0 0 2964 4890; ppageno 0'>
   <div class='ocr_carea' id='block_1_1' title="bbox 213 201 255 266">
    <p class='ocr_par' dir='ltr' id='par_1_1' title="bbox 213 201 255 266">
     <span class='ocr_line' id='line_1_1' title="bbox 213 201 255 266; baseline 0 0"><span class='ocrx_word' id='word_1_1' title='bbox 213 201 255 266; x_wconf 86' lang='grc'><em>40</em></span> 
     </span>
    </p>
   </div>
   <div class='ocr_carea' id='block_1_2' title="bbox 166 388 1305 3857">
    <p class='ocr_par' dir='ltr' id='par_1_2' title="bbox 166 388 1302 573">
     <span class='ocr_line' id='line_1_2' title="bbox 172 388 1302 472; baseline 0.005 -20"><span class='ocrx_word' id='word_1_2' title='bbox 172 388 200 452; x_wconf 92' lang='lat' dir='ltr'>V</span> <span class='ocrx_word' id='word_1_3' title='bbox 221 389 285 453; x_wconf 82' lang='grc'><em>384</em></span> <span class='ocrx_word' id='word_1_4' title='bbox 308 389 357 452; x_wconf 89' lang='lat' dir='ltr'><em>oel</em></span> <span class='ocrx_word' id='word_1_5' title='bbox 380 410 453 452; x_wconf 83' lang='lat' dir='ltr'><em>cuni</em></span> <span class='ocrx_word' id='word_1_6' title='bbox 468 390 516 454; x_wconf 91' lang='lat' dir='ltr'><em>sol</em></span> <span class='ocrx_word' id='word_1_7' title='bbox 528 394 673 471; x_wconf 85' lang='lat' dir='ltr'><em>eteapor</em></span> <span class='ocrx_word' id='word_1_8' title='bbox 685 390 791 456; x_wconf 81' lang='lat' dir='ltr'><em>ononis</em></span> <span class='ocrx_word' id='word_1_9' title='bbox 813 426 819 440; x_wconf 93' lang='lat'><strong>·</strong></span> <span class='ocrx_word' id='word_1_10' title='bbox 838 425 871 439; x_wconf 87' lang='lat'><em>··</em></span> <span class='ocrx_word' id='word_1_11' title='bbox 897 391 1151 472; x_wconf 77' lang='lat' dir='ltr'><em>easioperarint:</em></span> <span class='ocrx_word' id='word_1_12' title='bbox 1163 393 1204 457; x_wconf 89' lang='lat' dir='ltr'><em>Vl</em></span> <span class='ocrx_word' id='word_1_13' title='bbox 1221 395 1302 458; x_wconf 78' lang='lat'><em>1277</em></span> 
     </span>
     <span class='ocr_line' id='line_1_3' title="bbox 166 491 699 573; baseline 0.008 -20"><span class='ocrx_word' id='word_1_14' title='bbox 166 509 331 571; x_wconf 80' lang='lat' dir='ltr'><em>praesens</em></span> <span class='ocrx_word' id='word_1_15' title='bbox 354 491 446 555; x_wconf 79' lang='lat' dir='ltr'><em>(lotor</em></span> <span class='ocrx_word' id='word_1_16' title='bbox 471 493 699 573; x_wconf 67' lang='lat' dir='ltr'><em>exsuperabat.</em></span> 
     </span>
    </p>

    <p class='ocr_par' dir='ltr' id='par_1_3' title="bbox 169 596 1305 3344">
     <span class='ocr_line' id='line_1_4' title="bbox 275 596 1304 678; baseline 0.005 -21"><span class='ocrx_word' id='word_1_17' title='bbox 275 597 472 675; x_wconf 73' lang='lat' dir='ltr'><strong>suppeditare</strong></span> <span class='ocrx_word' id='word_1_18' title='bbox 505 596 673 661; x_wconf 85' lang='lat' dir='ltr'><em>transitivo</em></span> <span class='ocrx_word' id='word_1_19' title='bbox 707 615 805 662; x_wconf 89' lang='lat' dir='ltr'><em>sensu</em></span> <span class='ocrx_word' id='word_1_20' title='bbox 834 597 975 678; x_wconf 89' lang='lat' dir='ltr'><em>positum</em></span> <span class='ocrx_word' id='word_1_21' title='bbox 997 598 1219 662; x_wconf 79' lang='lat' dir='ltr'><strong>accusativum</strong></span> <span class='ocrx_word' id='word_1_22' title='bbox 1244 599 1304 662; x_wconf 84' lang='lat' dir='ltr'><em>od-</em></span> 
     </span>
     <span class='ocr_line' id='line_1_5' title="bbox 173 696 1303 781; baseline 0.003 -22"><span class='ocrx_word' id='word_1_23' title='bbox 173 697 270 760; x_wconf 88' lang='lat' dir='ltr'><strong>sumit</strong></span> <span class='ocrx_word' id='word_1_24' title='bbox 297 696 405 762; x_wconf 89' lang='lat' dir='ltr'><em>addito</em></span> <span class='ocrx_word' id='word_1_25' title='bbox 428 698 589 763; x_wconf 89' lang='lat' dir='ltr'><em>interdum</em></span> <span class='ocrx_word' id='word_1_26' title='bbox 612 698 733 763; x_wconf 83' lang='lat' dir='ltr'><em>dativo:</em></span> <span class='ocrx_word' id='word_1_27' title='bbox 755 698 795 762; x_wconf 91' lang='grc' dir='ltr'><em>ΙΙΙ</em></span> <span class='ocrx_word' id='word_1_28' title='bbox 822 705 859 763; x_wconf 89' lang='grc'><em>10</em></span> <span class='ocrx_word' id='word_1_29' title='bbox 883 702 919 761; x_wconf 82' lang='lat' dir='ltr'><em>teo</em></span> <span class='ocrx_word' id='word_1_30' title='bbox 936 699 1076 779; x_wconf 89' lang='lat' dir='ltr'><em>patria</em></span> <span class='ocrx_word' id='word_1_31' title='bbox 1099 699 1191 763; x_wconf 82' lang='lat' dir='ltr'><em>notis</em></span> <span class='ocrx_word' id='word_1_32' title='bbox 1216 698 1303 781; x_wconf 84' lang='lat' dir='ltr'><em>Sup-</em></span> 
     </span>
     <span class='ocr_line' id='line_1_6' title="bbox 169 797 1305 881; baseline 0.005 -21"><span class='ocrx_word' id='word_1_33' title='bbox 169 797 302 878; x_wconf 87' lang='lat' dir='ltr'><em>peditos</em></span> <span class='ocrx_word' id='word_1_34' title='bbox 330 819 501 880; x_wconf 87' lang='lat' dir='ltr'><em>praecep</em></span> <span class='ocrx_word' id='word_1_35' title='bbox 511 804 565 865; x_wconf 88' lang='lat' dir='ltr'><em>ta:</em></span> <span class='ocrx_word' id='word_1_36' title='bbox 595 802 637 866; x_wconf 82' lang='lat'><em>‘23</em></span> <span class='ocrx_word' id='word_1_37' title='bbox 661 800 802 867; x_wconf 82' lang='lat' dir='ltr'><em>Ouinia</em></span> <span class='ocrx_word' id='word_1_38' title='bbox 823 800 1017 881; x_wconf 84' lang='lat' dir='ltr'><em>suppeditat</em></span> <span class='ocrx_word' id='word_1_39' title='bbox 1032 821 1134 881; x_wconf 88' lang='lat' dir='ltr'><em>porro</em></span> <span class='ocrx_word' id='word_1_40' title='bbox 1158 805 1305 881; x_wconf 84' lang='lat' dir='ltr'><em>natura:</em></span> 
     </span>
     <span class='ocr_line' id='line_1_7' title="bbox 172 900 1303 982; baseline 0.003 -17"><span class='ocrx_word' id='word_1_41' title='bbox 172 901 201 965; x_wconf 95' lang='lat' dir='ltr'>V</span> <span class='ocrx_word' id='word_1_42' title='bbox 233 903 295 966; x_wconf 83' lang='grc'><em>983</em></span> <span class='ocrx_word' id='word_1_43' title='bbox 331 901 595 982; x_wconf 76' lang='lat' dir='ltr'><em>Suppeditatque</em></span> <span class='ocrx_word' id='word_1_44' title='bbox 617 923 701 967; x_wconf 88' lang='lat' dir='ltr'><em>noro</em></span> <span class='ocrx_word' id='word_1_45' title='bbox 725 900 896 982; x_wconf 79' lang='lat' dir='ltr'><em>confestim</em></span> <span class='ocrx_word' id='word_1_46' title='bbox 920 903 1045 968; x_wconf 83' lang='lat' dir='ltr'><em>lumine</em></span> <span class='ocrx_word' id='word_1_47' title='bbox 1068 904 1217 970; x_wconf 79' lang='lat' dir='ltr'><em>lernen:</em></span> <span class='ocrx_word' id='word_1_48' title='bbox 1239 905 1303 969; x_wconf 78' lang='grc'><em>298</em></span> 
     </span>
     <span class='ocr_line' id='line_1_8' title="bbox 176 1004 1305 1087; baseline 0.002 -19"><span class='ocrx_word' id='word_1_49' title='bbox 176 1004 323 1069; x_wconf 77' lang='lat' dir='ltr'><em>Liouina</em></span> <span class='ocrx_word' id='word_1_50' title='bbox 346 1040 404 1054; x_wconf 94' lang='lat'><em>···</em></span> <span class='ocrx_word' id='word_1_51' title='bbox 428 1004 599 1070; x_wconf 72' lang='lat' dir='ltr'><em>Consimili</em></span> <span class='ocrx_word' id='word_1_52' title='bbox 628 1010 817 1086; x_wconf 87' lang='lat' dir='ltr'><em>properant</em></span> <span class='ocrx_word' id='word_1_53' title='bbox 846 1005 974 1070; x_wconf 89' lang='lat' dir='ltr'><em>ratione</em></span> <span class='ocrx_word' id='word_1_54' title='bbox 996 1042 1002 1054; x_wconf 91' lang='lat'><strong>·</strong></span> <span class='ocrx_word' id='word_1_55' title='bbox 1022 1041 1054 1054; x_wconf 90' lang='lat'><em>··</em></span> <span class='ocrx_word' id='word_1_56' title='bbox 1079 1005 1305 1087; x_wconf 79' lang='lat' dir='ltr'><em>Suppediture</em></span> 
     </span>
     <span class='ocr_line' id='line_1_9' title="bbox 173 1107 1302 1190; baseline 0.004 -21"><span class='ocrx_word' id='word_1_57' title='bbox 173 1126 307 1170; x_wconf 87' lang='lat' dir='ltr'><em>noeone</em></span> <span class='ocrx_word' id='word_1_58' title='bbox 331 1107 477 1188; x_wconf 64' lang='lat' dir='ltr'><em>trinea·</em></span> <span class='ocrx_word' id='word_1_59' title='bbox 499 1110 562 1173; x_wconf 84' lang='grc'><em>386</em></span> <span class='ocrx_word' id='word_1_60' title='bbox 588 1108 758 1173; x_wconf 81' lang='lat' dir='ltr'><em>Tantane</em></span> <span class='ocrx_word' id='word_1_61' title='bbox 780 1109 1000 1190; x_wconf 73' lang='lat' dir='ltr'><em>suppeditant</em></span> <span class='ocrx_word' id='word_1_62' title='bbox 1021 1128 1135 1174; x_wconf 83' lang='lat' dir='ltr'><em>anonas</em></span> <span class='ocrx_word' id='word_1_63' title='bbox 1159 1128 1220 1174; x_wconf 90' lang='lat' dir='ltr'><em>nec</em></span> <span class='ocrx_word' id='word_1_64' title='bbox 1237 1129 1302 1174; x_wconf 89' lang='lat' dir='ltr'><em>non</em></span> 
     </span>
     <span class='ocr_line' id='line_1_10' title="bbox 174 1210 1303 1292; baseline 0.004 -21"><span class='ocrx_word' id='word_1_65' title='bbox 174 1210 302 1289; x_wconf 83' lang='lat' dir='ltr'>passive</span> <span class='ocrx_word' id='word_1_66' title='bbox 323 1217 509 1291; x_wconf 87' lang='lat' dir='ltr'><em>usurpatur:</em></span> <span class='ocrx_word' id='word_1_67' title='bbox 543 1211 556 1274; x_wconf 94' lang='lat' dir='ltr'><em>l</em></span> <span class='ocrx_word' id='word_1_68' title='bbox 578 1214 640 1275; x_wconf 88' lang='grc'><em>996</em></span> <span class='ocrx_word' id='word_1_69' title='bbox 665 1215 866 1291; x_wconf 77' lang='lat' dir='ltr'><em>aeternaque</em></span> <span class='ocrx_word' id='word_1_70' title='bbox 887 1210 1150 1292; x_wconf 88' lang='lat' dir='ltr'><em>suppeditantur</em></span> <span class='ocrx_word' id='word_1_71' title='bbox 1172 1210 1229 1274; x_wconf 77' lang='lat' dir='ltr'><em>Eu</em></span> <span class='ocrx_word' id='word_1_72' title='bbox 1251 1211 1303 1276; x_wconf 91' lang='lat' dir='ltr'><em>in·</em></span> 
     </span>
     <span class='ocr_line' id='line_1_11' title="bbox 173 1309 1303 1394; baseline 0 -17"><span class='ocrx_word' id='word_1_73' title='bbox 173 1309 267 1389; x_wconf 75' lang='lat' dir='ltr'><em>linito</em></span> <span class='ocrx_word' id='word_1_74' title='bbox 303 1311 367 1376; x_wconf 81' lang='lat' dir='ltr'><em>cita</em></span> <span class='ocrx_word' id='word_1_75' title='bbox 390 1333 526 1393; x_wconf 82' lang='lat' dir='ltr'><em>corpora</em></span> <span class='ocrx_word' id='word_1_76' title='bbox 549 1312 720 1379; x_wconf 82' lang='lat' dir='ltr'><em>materiai:</em></span> <span class='ocrx_word' id='word_1_77' title='bbox 741 1314 767 1378; x_wconf 92' lang='lat' dir='ltr'><em>ll</em></span> <span class='ocrx_word' id='word_1_78' title='bbox 790 1317 830 1379; x_wconf 80' lang='grc'><em>26</em></span> <span class='ocrx_word' id='word_1_79' title='bbox 854 1313 1003 1377; x_wconf 84' lang='lat' dir='ltr'><em>Lumina</em></span> <span class='ocrx_word' id='word_1_80' title='bbox 1026 1313 1200 1378; x_wconf 81' lang='lat' dir='ltr'><em>nocturnis</em></span> <span class='ocrx_word' id='word_1_81' title='bbox 1224 1336 1303 1394; x_wconf 90' lang='lat' dir='ltr'><em>epu·</em></span> 
     </span>
     <span class='ocr_line' id='line_1_12' title="bbox 175 1414 1302 1497; baseline 0.004 -20"><span class='ocrx_word' id='word_1_82' title='bbox 175 1414 214 1478; x_wconf 88' lang='lat' dir='ltr'><em>lis</em></span> <span class='ocrx_word' id='word_1_83' title='bbox 237 1418 276 1476; x_wconf 92' lang='lat' dir='ltr'><em>ut</em></span> <span class='ocrx_word' id='word_1_84' title='bbox 296 1414 568 1495; x_wconf 73' lang='lat' dir='ltr'><em>suppeditentur⁴,·</em></span> <span class='ocrx_word' id='word_1_85' title='bbox 591 1418 653 1481; x_wconf 77' lang='grc'><em>568</em></span> <span class='ocrx_word' id='word_1_86' title='bbox 680 1417 769 1481; x_wconf 90' lang='lat' dir='ltr'><em>unde</em></span> <span class='ocrx_word' id='word_1_87' title='bbox 781 1416 892 1480; x_wconf 80' lang='lat' dir='ltr'><em>oninia</em></span> <span class='ocrx_word' id='word_1_88' title='bbox 905 1417 1179 1497; x_wconf 71' lang='lat' dir='ltr'><em>suppeditantur:</em></span> <span class='ocrx_word' id='word_1_89' title='bbox 1194 1420 1302 1484; x_wconf 81' lang='grc'>*1162</span> 
     </span>
     <span class='ocr_line' id='line_1_13' title="bbox 175 1516 1303 1602; baseline 0.003 -22"><span class='ocrx_word' id='word_1_90' title='bbox 175 1516 447 1597; x_wconf 79' lang='lat' dir='ltr'><em>Conterinusque</em></span> <span class='ocrx_word' id='word_1_91' title='bbox 481 1517 574 1582; x_wconf 84' lang='lat' dir='ltr'><em>boues</em></span> <span class='ocrx_word' id='word_1_92' title='bbox 602 1518 734 1582; x_wconf 82' lang='lat' dir='ltr'><em>ateiris</em></span> <span class='ocrx_word' id='word_1_93' title='bbox 758 1519 990 1602; x_wconf 80' lang='lat' dir='ltr'><em>apricolarura,</em></span> <span class='ocrx_word' id='word_1_94' title='bbox 1014 1518 1214 1598; x_wconf 73' lang='lat' dir='ltr'><em>Continuus</em></span> <span class='ocrx_word' id='word_1_95' title='bbox 1236 1518 1303 1600; x_wconf 85' lang='lat' dir='ltr'><em>fer·</em></span> 
     </span>
     <span class='ocr_line' id='line_1_14' title="bbox 174 1618 1302 1701; baseline 0.004 -20"><span class='ocrx_word' id='word_1_96' title='bbox 174 1639 260 1699; x_wconf 81' lang='lat' dir='ltr'><em>runt,</em></span> <span class='ocrx_word' id='word_1_97' title='bbox 286 1618 343 1682; x_wconf 83' lang='lat' dir='ltr'><em>oia</em></span> <span class='ocrx_word' id='word_1_98' title='bbox 365 1619 455 1683; x_wconf 84' lang='lat' dir='ltr'><em>aruis</em></span> <span class='ocrx_word' id='word_1_99' title='bbox 476 1620 689 1701; x_wconf 87' lang='lat' dir='ltr'><em>suppeditati.</em></span> <span class='ocrx_word' id='word_1_100' title='bbox 733 1621 779 1685; x_wconf 90' lang='lat' dir='ltr'><em>De</em></span> <span class='ocrx_word' id='word_1_101' title='bbox 801 1621 864 1686; x_wconf 90' lang='lat' dir='ltr'><em>hoc</em></span> <span class='ocrx_word' id='word_1_102' title='bbox 886 1621 959 1686; x_wconf 90' lang='lat' dir='ltr'><em>loco</em></span> <span class='ocrx_word' id='word_1_103' title='bbox 983 1622 1132 1686; x_wconf 91' lang='lat' dir='ltr'><em>Munroni</em></span> <span class='ocrx_word' id='word_1_104' title='bbox 1155 1623 1188 1686; x_wconf 89' lang='lat' dir='ltr'><em>in</em></span> <span class='ocrx_word' id='word_1_105' title='bbox 1210 1640 1302 1686; x_wconf 92' lang='lat' dir='ltr'><em>com-</em></span> 
     </span>
     <span class='ocr_line' id='line_1_15' title="bbox 174 1722 1302 1806; baseline 0.004 -21"><span class='ocrx_word' id='word_1_106' title='bbox 174 1723 340 1786; x_wconf 87' lang='lat' dir='ltr'><em>mentariis</em></span> <span class='ocrx_word' id='word_1_107' title='bbox 363 1722 538 1787; x_wconf 78' lang='lat' dir='ltr'><strong>ablativum</strong></span> <span class='ocrx_word' id='word_1_108' title='bbox 561 1725 668 1804; x_wconf 91' lang='lat' dir='ltr'><em>potius</em></span> <span class='ocrx_word' id='word_1_109' title='bbox 692 1743 789 1805; x_wconf 85' lang='lat' dir='ltr'><em>quam</em></span> <span class='ocrx_word' id='word_1_110' title='bbox 814 1725 955 1788; x_wconf 88' lang='lat' dir='ltr'><em>dativum</em></span> <span class='ocrx_word' id='word_1_111' title='bbox 980 1725 1134 1789; x_wconf 80' lang='lat' dir='ltr'><em>statuenti</em></span> <span class='ocrx_word' id='word_1_112' title='bbox 1151 1724 1302 1806; x_wconf 88' lang='lat' dir='ltr'><strong>equidem</strong></span> 
     </span>
     <span class='ocr_line' id='line_1_16' title="bbox 174 1824 1302 1908; baseline 0.002 -18"><span class='ocrx_word' id='word_1_113' title='bbox 174 1826 342 1890; x_wconf 84' lang='lat' dir='ltr'><em>assentior.</em></span> <span class='ocrx_word' id='word_1_114' title='bbox 376 1824 526 1891; x_wconf 89' lang='lat' dir='ltr'><em>Ceterum</em></span> <span class='ocrx_word' id='word_1_115' title='bbox 549 1846 616 1891; x_wconf 93' lang='lat' dir='ltr'><em>non</em></span> <span class='ocrx_word' id='word_1_116' title='bbox 639 1826 809 1892; x_wconf 80' lang='lat' dir='ltr'><em>defuerunt</em></span> <span class='ocrx_word' id='word_1_117' title='bbox 831 1828 885 1908; x_wconf 85' lang='lat' dir='ltr'><em>qui</em></span> <span class='ocrx_word' id='word_1_118' title='bbox 901 1827 963 1891; x_wconf 91' lang='lat' dir='ltr'><em>loci</em></span> <span class='ocrx_word' id='word_1_119' title='bbox 987 1826 1231 1908; x_wconf 80' lang='lat' dir='ltr'><em>ambiguitatem</em></span> <span class='ocrx_word' id='word_1_120' title='bbox 1248 1846 1302 1892; x_wconf 88' lang='lat' dir='ltr'><em>sa-</em></span> 
     </span>
     <span class='ocr_line' id='line_1_17' title="bbox 174 1929 1304 2011; baseline 0.001 -19"><span class='ocrx_word' id='word_1_121' title='bbox 174 1947 253 1992; x_wconf 88' lang='lat' dir='ltr'><em>nare</em></span> <span class='ocrx_word' id='word_1_122' title='bbox 285 1929 412 2008; x_wconf 86' lang='lat' dir='ltr'><em>vellent,</em></span> <span class='ocrx_word' id='word_1_123' title='bbox 435 1930 518 1992; x_wconf 90' lang='lat' dir='ltr'><em>inter</em></span> <span class='ocrx_word' id='word_1_124' title='bbox 541 1948 623 2010; x_wconf 91' lang='lat' dir='ltr'><em>quos</em></span> <span class='ocrx_word' id='word_1_125' title='bbox 646 1929 777 2009; x_wconf 85' lang='lat' dir='ltr'><em>Brieger</em></span> <span class='ocrx_word' id='word_1_126' title='bbox 798 1936 961 1994; x_wconf 89' lang='lat' dir='ltr'><em>commate</em></span> <span class='ocrx_word' id='word_1_127' title='bbox 986 1948 1060 1993; x_wconf 90' lang='lat' dir='ltr'><em>cum</em></span> <span class='ocrx_word' id='word_1_128' title='bbox 1083 1936 1204 2010; x_wconf 89' lang='lat' dir='ltr'><em>puncto</em></span> <span class='ocrx_word' id='word_1_129' title='bbox 1228 1938 1304 2011; x_wconf 89' lang='lat' dir='ltr'><em>post</em></span> 
     </span>
     <span class='ocr_line' id='line_1_18' title="bbox 174 2030 1304 2115; baseline 0.001 -19"><span class='ocrx_word' id='word_1_130' title='bbox 174 2030 363 2110; x_wconf 76' lang='lat' dir='ltr'><em>conficiuias</em></span> <span class='ocrx_word' id='word_1_131' title='bbox 390 2033 496 2113; x_wconf 90' lang='lat' dir='ltr'><em>posito</em></span> <span class='ocrx_word' id='word_1_132' title='bbox 518 2031 646 2111; x_wconf 85' lang='lat' dir='ltr'><em>ferrum</em></span> <span class='ocrx_word' id='word_1_133' title='bbox 669 2032 726 2095; x_wconf 80' lang='lat' dir='ltr'><em>rin</em></span> <span class='ocrx_word' id='word_1_134' title='bbox 749 2031 838 2097; x_wconf 90' lang='lat' dir='ltr'><em>aruis</em></span> <span class='ocrx_word' id='word_1_135' title='bbox 860 2032 1055 2112; x_wconf 87' lang='lat' dir='ltr'><em>suppeditat</em></span> <span class='ocrx_word' id='word_1_136' title='bbox 1075 2032 1142 2095; x_wconf 81' lang='lat' dir='ltr'><em>ianr</em></span> <span class='ocrx_word' id='word_1_137' title='bbox 1166 2033 1304 2115; x_wconf 85' lang='lat' dir='ltr'><em>scripsit.</em></span> 
     </span>
     <span class='ocr_line' id='line_1_19' title="bbox 173 2135 1303 2216; baseline 0.003 -19"><span class='ocrx_word' id='word_1_138' title='bbox 173 2135 213 2199; x_wconf 89' lang='lat' dir='ltr'><em>lV</em></span> <span class='ocrx_word' id='word_1_139' title='bbox 239 2136 312 2214; x_wconf 85' lang='lat'>189;</span> <span class='ocrx_word' id='word_1_140' title='bbox 334 2135 409 2214; x_wconf 78' lang='lat'>8183</span> <span class='ocrx_word' id='word_1_141' title='bbox 432 2135 460 2199; x_wconf 89' lang='lat' dir='ltr'>V</span> <span class='ocrx_word' id='word_1_142' title='bbox 486 2138 582 2214; x_wconf 88' lang='grc'>1116;</span> <span class='ocrx_word' id='word_1_143' title='bbox 606 2135 645 2199; x_wconf 83' lang='grc'><em>11</em></span> <span class='ocrx_word' id='word_1_144' title='bbox 672 2139 761 2202; x_wconf 89' lang='grc'>1066.</span> <span class='ocrx_word' id='word_1_145' title='bbox 799 2135 1003 2199; x_wconf 81' lang='lat' dir='ltr'><em>intransitive</em></span> <span class='ocrx_word' id='word_1_146' title='bbox 1024 2136 1163 2216; x_wconf 92' lang='lat' dir='ltr'><em>positum</em></span> <span class='ocrx_word' id='word_1_147' title='bbox 1189 2155 1303 2200; x_wconf 85' lang='lat' dir='ltr'><em>occur·</em></span> 
     </span>
     <span class='ocr_line' id='line_1_20' title="bbox 174 2236 1305 2321; baseline 0.002 -21"><span class='ocrx_word' id='word_1_148' title='bbox 174 2237 225 2300; x_wconf 92' lang='lat' dir='ltr'><em>rit:</em></span> <span class='ocrx_word' id='word_1_149' title='bbox 248 2237 285 2299; x_wconf 87' lang='lat'><em>*1</em></span> <span class='ocrx_word' id='word_1_150' title='bbox 318 2238 376 2300; x_wconf 81' lang='grc'><em>931</em></span> <span class='ocrx_word' id='word_1_151' title='bbox 414 2237 636 2317; x_wconf 68' lang='lat' dir='ltr'><em>(furtunae,</em></span> <span class='ocrx_word' id='word_1_152' title='bbox 660 2236 819 2320; x_wconf 78' lang='lat' dir='ltr'><em>inpenuei</em></span> <span class='ocrx_word' id='word_1_153' title='bbox 841 2236 960 2317; x_wconf 71' lang='lat' dir='ltr'><em>tontes,</em></span> <span class='ocrx_word' id='word_1_154' title='bbox 984 2240 1183 2317; x_wconf 75' lang='lat' dir='ltr'><em>entrrntuuue</em></span> <span class='ocrx_word' id='word_1_155' title='bbox 1207 2237 1305 2321; x_wconf 83' lang='lat' dir='ltr'><em>lonpe</em></span> 
     </span>
     <span class='ocr_line' id='line_1_21' title="bbox 174 2338 1304 2419; baseline 0.003 -17"><span class='ocrx_word' id='word_1_156' title='bbox 174 2338 337 2404; x_wconf 81' lang='lat' dir='ltr'><em>Flumina</em></span> <span class='ocrx_word' id='word_1_157' title='bbox 370 2338 597 2419; x_wconf 82' lang='lat' dir='ltr'><em>suppeditant,</em></span> <span class='ocrx_word' id='word_1_158' title='bbox 628 2341 655 2403; x_wconf 91' lang='lat' dir='ltr'><em>si</em></span> <span class='ocrx_word' id='word_1_159' title='bbox 678 2340 922 2404; x_wconf 85' lang='lat' dir='ltr'><em>Lachmannum</em></span> <span class='ocrx_word' id='word_1_160' title='bbox 946 2341 977 2403; x_wconf 93' lang='lat' dir='ltr'><em>in</em></span> <span class='ocrx_word' id='word_1_161' title='bbox 1001 2341 1073 2404; x_wconf 86' lang='lat' dir='ltr'><em>loco</em></span> <span class='ocrx_word' id='word_1_162' title='bbox 1097 2341 1304 2405; x_wconf 86' lang='lat' dir='ltr'><em>emendando</em></span> 
     </span>
     <span class='ocr_line' id='line_1_22' title="bbox 174 2441 1304 2524; baseline 0.001 -18"><span class='ocrx_word' id='word_1_163' title='bbox 174 2443 346 2523; x_wconf 82' lang='lat' dir='ltr'><em>sequimur.</em></span> <span class='ocrx_word' id='word_1_164' title='bbox 391 2441 513 2508; x_wconf 86' lang='lat' dir='ltr'><em>Contra</em></span> <span class='ocrx_word' id='word_1_165' title='bbox 545 2443 669 2522; x_wconf 81' lang='lat' dir='ltr'><em>Maura,</em></span> <span class='ocrx_word' id='word_1_166' title='bbox 699 2463 772 2507; x_wconf 89' lang='lat' dir='ltr'><em>cum</em></span> <span class='ocrx_word' id='word_1_167' title='bbox 797 2444 945 2508; x_wconf 89' lang='lat' dir='ltr'><em>codicum</em></span> <span class='ocrx_word' id='word_1_168' title='bbox 969 2444 1128 2524; x_wconf 86' lang='lat' dir='ltr'><em>scriptura</em></span> <span class='ocrx_word' id='word_1_169' title='bbox 1151 2446 1304 2508; x_wconf 83' lang='lat' dir='ltr'><em>caterua-</em></span> 
     </span>
     <span class='ocr_line' id='line_1_23' title="bbox 174 2545 1303 2628; baseline 0.004 -21"><span class='ocrx_word' id='word_1_170' title='bbox 174 2565 237 2624; x_wconf 77' lang='lat' dir='ltr'><em>aere</em></span> <span class='ocrx_word' id='word_1_171' title='bbox 261 2545 356 2627; x_wconf 81' lang='lat' dir='ltr'><em>tonpe</em></span> <span class='ocrx_word' id='word_1_172' title='bbox 379 2551 509 2609; x_wconf 90' lang='lat' dir='ltr'><em>servata</em></span> <span class='ocrx_word' id='word_1_173' title='bbox 531 2546 823 2628; x_wconf 81' lang='lat' dir='ltr'><em>interpunctionem</em></span> <span class='ocrx_word' id='word_1_174' title='bbox 846 2547 1037 2624; x_wconf 81' lang='lat' dir='ltr'><em>sustulisset,</em></span> <span class='ocrx_word' id='word_1_175' title='bbox 1061 2564 1303 2611; x_wconf 83' lang='lat' dir='ltr'><em>uiareaccusa-</em></span> 
     </span>
     <span class='ocr_line' id='line_1_24' title="bbox 172 2647 1304 2729; baseline 0.002 -19"><span class='ocrx_word' id='word_1_176' title='bbox 172 2647 273 2711; x_wconf 91' lang='lat' dir='ltr'><em>tivum</em></span> <span class='ocrx_word' id='word_1_177' title='bbox 296 2666 369 2711; x_wconf 89' lang='lat' dir='ltr'><em>esse</em></span> <span class='ocrx_word' id='word_1_178' title='bbox 391 2648 423 2711; x_wconf 94' lang='lat' dir='ltr'><em>in</em></span> <span class='ocrx_word' id='word_1_179' title='bbox 446 2649 687 2712; x_wconf 86' lang='lat' dir='ltr'><em>commentariis</em></span> <span class='ocrx_word' id='word_1_180' title='bbox 710 2651 775 2712; x_wconf 91' lang='lat' dir='ltr'><em>suis</em></span> <span class='ocrx_word' id='word_1_181' title='bbox 799 2649 973 2728; x_wconf 85' lang='lat' dir='ltr'><em>contendit,</em></span> <span class='ocrx_word' id='word_1_182' title='bbox 998 2667 1139 2729; x_wconf 87' lang='lat' dir='ltr'><em>quocum</em></span> <span class='ocrx_word' id='word_1_183' title='bbox 1156 2649 1187 2711; x_wconf 91' lang='lat' dir='ltr'><em>in</em></span> <span class='ocrx_word' id='word_1_184' title='bbox 1202 2649 1304 2713; x_wconf 90' lang='lat' dir='ltr'><em>inter-</em></span> 
     </span>
     <span class='ocr_line' id='line_1_25' title="bbox 173 2749 1305 2834; baseline 0.002 -20"><span class='ocrx_word' id='word_1_185' title='bbox 173 2751 346 2831; x_wconf 85' lang='lat' dir='ltr'><em>pungendo</em></span> <span class='ocrx_word' id='word_1_186' title='bbox 369 2749 491 2814; x_wconf 86' lang='lat' dir='ltr'><em>iaciunt</em></span> <span class='ocrx_word' id='word_1_187' title='bbox 514 2751 708 2834; x_wconf 85' lang='lat' dir='ltr'><em>Beruaysius</em></span> <span class='ocrx_word' id='word_1_188' title='bbox 730 2751 881 2834; x_wconf 82' lang='lat' dir='ltr'><em>(excepto</em></span> <span class='ocrx_word' id='word_1_189' title='bbox 906 2752 997 2834; x_wconf 83' lang='lat' dir='ltr'><em>larpe</em></span> <span class='ocrx_word' id='word_1_190' title='bbox 1021 2751 1108 2832; x_wconf 87' lang='lat' dir='ltr'><em>quod</em></span> <span class='ocrx_word' id='word_1_191' title='bbox 1131 2769 1190 2831; x_wconf 92' lang='lat' dir='ltr'><em>pro</em></span> <span class='ocrx_word' id='word_1_192' title='bbox 1207 2749 1305 2833; x_wconf 81' lang='lat' dir='ltr'><em>lonpe</em></span> 
     </span>
     <span class='ocr_line' id='line_1_26' title="bbox 173 2852 1303 2933; baseline 0.001 -18"><span class='ocrx_word' id='word_1_193' title='bbox 173 2853 313 2933; x_wconf 82' lang='lat' dir='ltr'><em>scripsit)</em></span> <span class='ocrx_word' id='word_1_194' title='bbox 336 2859 368 2918; x_wconf 88' lang='lat' dir='ltr'><em>et</em></span> <span class='ocrx_word' id='word_1_195' title='bbox 390 2853 529 2933; x_wconf 80' lang='lat' dir='ltr'><em>Brieger.</em></span> <span class='ocrx_word' id='word_1_196' title='bbox 564 2856 625 2918; x_wconf 80' lang='grc'><em>641</em></span> <span class='ocrx_word' id='word_1_197' title='bbox 651 2853 811 2917; x_wconf 76' lang='lat' dir='ltr'><em>Materies</em></span> <span class='ocrx_word' id='word_1_198' title='bbox 834 2857 874 2916; x_wconf 92' lang='lat' dir='ltr'><em>ut</em></span> <span class='ocrx_word' id='word_1_199' title='bbox 894 2853 1080 2933; x_wconf 78' lang='lat' dir='ltr'><em>subpeditet</em></span> <span class='ocrx_word' id='word_1_200' title='bbox 1093 2852 1191 2917; x_wconf 84' lang='lat' dir='ltr'><em>relus</em></span> <span class='ocrx_word' id='word_1_201' title='bbox 1206 2873 1303 2933; x_wconf 88' lang='lat' dir='ltr'><em>repa·</em></span> 
     </span>
     <span class='ocr_line' id='line_1_27' title="bbox 175 2954 1303 3036; baseline -0.002 -19"><span class='ocrx_word' id='word_1_202' title='bbox 175 2955 309 3035; x_wconf 62' lang='lat' dir='ltr'><em>randis·</em></span> <span class='ocrx_word' id='word_1_203' title='bbox 338 2957 418 3022; x_wconf 86' lang='grc'>1040</span> <span class='ocrx_word' id='word_1_204' title='bbox 438 2955 538 3018; x_wconf 87' lang='lat' dir='ltr'><em>sineul</em></span> <span class='ocrx_word' id='word_1_205' title='bbox 562 2976 599 3020; x_wconf 91' lang='lat' dir='ltr'><em>oe</em></span> <span class='ocrx_word' id='word_1_206' title='bbox 622 2955 741 3035; x_wconf 74' lang='lat' dir='ltr'><em>dejecit</em></span> <span class='ocrx_word' id='word_1_207' title='bbox 754 2955 968 3036; x_wconf 82' lang='lat' dir='ltr'><em>suppeditare</em></span> <span class='ocrx_word' id='word_1_208' title='bbox 984 2954 1161 3034; x_wconf 79' lang='lat' dir='ltr'><em>Mederies:</em></span> <span class='ocrx_word' id='word_1_209' title='bbox 1177 2956 1202 3018; x_wconf 90' lang='lat' dir='ltr'><em>ll</em></span> <span class='ocrx_word' id='word_1_210' title='bbox 1220 2957 1303 3020; x_wconf 84' lang='grc'>1139</span> 
     </span>
     <span class='ocr_line' id='line_1_28' title="bbox 177 3057 1303 3139; baseline -0.002 -16"><span class='ocrx_word' id='word_1_211' title='bbox 177 3058 274 3123; x_wconf 85' lang='lat' dir='ltr'><em>Unde</em></span> <span class='ocrx_word' id='word_1_212' title='bbox 309 3063 411 3137; x_wconf 78' lang='lat' dir='ltr'><em>queat</em></span> <span class='ocrx_word' id='word_1_213' title='bbox 444 3062 574 3122; x_wconf 85' lang='lat' dir='ltr'><em>tautane</em></span> <span class='ocrx_word' id='word_1_214' title='bbox 607 3057 750 3122; x_wconf 79' lang='lat' dir='ltr'><em>seelroriri</em></span> <span class='ocrx_word' id='word_1_215' title='bbox 784 3078 821 3121; x_wconf 85' lang='lat' dir='ltr'><em>ac</em></span> <span class='ocrx_word' id='word_1_216' title='bbox 848 3057 1076 3139; x_wconf 77' lang='lat' dir='ltr'><em>subpeditare:</em></span> <span class='ocrx_word' id='word_1_217' title='bbox 1099 3058 1136 3121; x_wconf 88' lang='lat' dir='ltr'><em>Ill</em></span> <span class='ocrx_word' id='word_1_218' title='bbox 1160 3060 1218 3122; x_wconf 90' lang='grc'><em>131</em></span> <span class='ocrx_word' id='word_1_219' title='bbox 1244 3078 1303 3122; x_wconf 87' lang='lat' dir='ltr'><em>ne·</em></span> 
     </span>
     <span class='ocr_line' id='line_1_29' title="bbox 173 3160 1301 3242; baseline 0.003 -20"><span class='ocrx_word' id='word_1_220' title='bbox 173 3181 237 3241; x_wconf 72' lang='lat' dir='ltr'><em>ipre</em></span> <span class='ocrx_word' id='word_1_221' title='bbox 259 3196 265 3210; x_wconf 93' lang='lat'><strong>·</strong></span> <span class='ocrx_word' id='word_1_222' title='bbox 285 3196 291 3210; x_wconf 91' lang='lat'><strong>·</strong></span> <span class='ocrx_word' id='word_1_223' title='bbox 311 3196 316 3208; x_wconf 94' lang='lat'>·</span> <span class='ocrx_word' id='word_1_224' title='bbox 339 3161 459 3225; x_wconf 86' lang='lat' dir='ltr'><em>Dicere</em></span> <span class='ocrx_word' id='word_1_225' title='bbox 482 3160 683 3241; x_wconf 85' lang='lat' dir='ltr'><em>suppeditat,</em></span> <span class='ocrx_word' id='word_1_226' title='bbox 700 3161 754 3224; x_wconf 91' lang='lat' dir='ltr'><em>ubi</em></span> <span class='ocrx_word' id='word_1_227' title='bbox 769 3161 1028 3242; x_wconf 86' lang='lat' dir='ltr'><em>impersonaliter</em></span> <span class='ocrx_word' id='word_1_228' title='bbox 1042 3166 1217 3242; x_wconf 88' lang='lat' dir='ltr'><em>usurpatur</em></span> <span class='ocrx_word' id='word_1_229' title='bbox 1229 3179 1301 3225; x_wconf 86' lang='lat' dir='ltr'><em>ver-</em></span> 
     </span>
     <span class='ocr_line' id='line_1_30' title="bbox 173 3263 730 3344; baseline 0 -17"><span class='ocrx_word' id='word_1_230' title='bbox 173 3263 263 3344; x_wconf 78' lang='lat' dir='ltr'><em>bum3</em></span> <span class='ocrx_word' id='word_1_231' title='bbox 285 3263 326 3327; x_wconf 91' lang='lat' dir='ltr'><em>IV</em></span> <span class='ocrx_word' id='word_1_232' title='bbox 349 3267 423 3343; x_wconf 84' lang='grc'>116;</span> <span class='ocrx_word' id='word_1_233' title='bbox 446 3264 474 3326; x_wconf 92' lang='lat' dir='ltr'>V</span> <span class='ocrx_word' id='word_1_234' title='bbox 496 3266 572 3343; x_wconf 78' lang='lat'><em>2933</em></span> <span class='ocrx_word' id='word_1_235' title='bbox 595 3263 730 3329; x_wconf 75' lang='grc'>171666.</span> 
     </span>
    </p>

    <p class='ocr_par' dir='ltr' id='par_1_4' title="bbox 167 3365 1302 3857">
     <span class='ocr_line' id='line_1_31' title="bbox 276 3365 1302 3432; baseline -0.002 -1"><span class='ocrx_word' id='word_1_236' title='bbox 276 3373 401 3432; x_wconf 69' lang='lat' dir='ltr'><em>undere</em></span> <span class='ocrx_word' id='word_1_237' title='bbox 433 3375 490 3432; x_wconf 90' lang='lat' dir='ltr'><em>aut</em></span> <span class='ocrx_word' id='word_1_238' title='bbox 523 3368 744 3432; x_wconf 85' lang='lat' dir='ltr'><em>accusativum</em></span> <span class='ocrx_word' id='word_1_239' title='bbox 778 3367 929 3432; x_wconf 90' lang='lat' dir='ltr'><em>admittit:</em></span> <span class='ocrx_word' id='word_1_240' title='bbox 959 3367 1032 3432; x_wconf 91' lang='grc'><em>161</em></span> <span class='ocrx_word' id='word_1_241' title='bbox 1059 3365 1185 3430; x_wconf 78' lang='lat' dir='ltr'><em>(lraieos</em></span> <span class='ocrx_word' id='word_1_242' title='bbox 1208 3365 1302 3429; x_wconf 82' lang='lat' dir='ltr'><em>tono</em></span> 
     </span>
     <span class='ocr_line' id='line_1_32' title="bbox 173 3469 1302 3545; baseline -0.003 -10"><span class='ocrx_word' id='word_1_243' title='bbox 173 3470 350 3535; x_wconf 84' lang='lat' dir='ltr'><em>neortulis</em></span> <span class='ocrx_word' id='word_1_244' title='bbox 385 3471 518 3535; x_wconf 88' lang='lat' dir='ltr'><em>tendere</em></span> <span class='ocrx_word' id='word_1_245' title='bbox 545 3475 660 3535; x_wconf 87' lang='lat' dir='ltr'><em>contra</em></span> <span class='ocrx_word' id='word_1_246' title='bbox 694 3470 758 3533; x_wconf 83' lang='lat' dir='ltr'><em>Est</em></span> <span class='ocrx_word' id='word_1_247' title='bbox 791 3470 920 3534; x_wconf 84' lang='lat' dir='ltr'><em>oeeelos</em></span> <span class='ocrx_word' id='word_1_248' title='bbox 945 3490 1065 3545; x_wconf 62' lang='lat' dir='ltr'><em>ausum</em></span> <span class='ocrx_word' id='word_1_249' title='bbox 1087 3469 1115 3532; x_wconf 94' lang='lat' dir='ltr'>V</span> <span class='ocrx_word' id='word_1_250' title='bbox 1138 3469 1197 3532; x_wconf 88' lang='grc'><em>481</em></span> <span class='ocrx_word' id='word_1_251' title='bbox 1224 3469 1302 3532; x_wconf 81' lang='lat' dir='ltr'><em>Ma·</em></span> 
     </span>
     <span class='ocr_line' id='line_1_33' title="bbox 172 3571 1301 3656; baseline -0.004 -18"><span class='ocrx_word' id='word_1_252' title='bbox 172 3594 276 3638; x_wconf 81' lang='lat' dir='ltr'><em>annia</em></span> <span class='ocrx_word' id='word_1_253' title='bbox 300 3594 368 3653; x_wconf 80' lang='lat' dir='ltr'><em>uuor</em></span> <span class='ocrx_word' id='word_1_254' title='bbox 385 3594 477 3638; x_wconf 77' lang='lat' dir='ltr'><em>reione</em></span> <span class='ocrx_word' id='word_1_255' title='bbox 500 3594 538 3637; x_wconf 89' lang='lat' dir='ltr'><em>se</em></span> <span class='ocrx_word' id='word_1_256' title='bbox 554 3572 654 3653; x_wconf 88' lang='lat' dir='ltr'><em>ponti</em></span> <span class='ocrx_word' id='word_1_257' title='bbox 670 3573 778 3656; x_wconf 74' lang='lat' dir='ltr'><em>playa</em></span> <span class='ocrx_word' id='word_1_258' title='bbox 801 3572 936 3636; x_wconf 85' lang='lat' dir='ltr'><em>caerula</em></span> <span class='ocrx_word' id='word_1_259' title='bbox 960 3571 1081 3639; x_wconf 82' lang='lat' dir='ltr'><em>tendit:</em></span> <span class='ocrx_word' id='word_1_260' title='bbox 1103 3574 1162 3636; x_wconf 85' lang='lat'><em>631</em></span> <span class='ocrx_word' id='word_1_261' title='bbox 1192 3571 1301 3636; x_wconf 81' lang='lat' dir='ltr'><em>Tanto</em></span> 
     </span>
     <span class='ocr_line' id='line_1_34' title="bbox 167 3673 1302 3759; baseline -0.004 -18"><span class='ocrx_word' id='word_1_262' title='bbox 167 3696 266 3758; x_wconf 89' lang='lat' dir='ltr'><em>posse</em></span> <span class='ocrx_word' id='word_1_263' title='bbox 288 3675 400 3741; x_wconf 78' lang='lat' dir='ltr'><em>aieirins</em></span> <span class='ocrx_word' id='word_1_264' title='bbox 423 3697 496 3739; x_wconf 79' lang='lat' dir='ltr'><em>corne</em></span> <span class='ocrx_word' id='word_1_265' title='bbox 519 3674 625 3759; x_wconf 82' lang='lat' dir='ltr'><em>sipnis</em></span> <span class='ocrx_word' id='word_1_266' title='bbox 649 3675 782 3739; x_wconf 90' lang='lat' dir='ltr'><em>tendere</em></span> <span class='ocrx_word' id='word_1_267' title='bbox 798 3694 954 3738; x_wconf 82' lang='lat' dir='ltr'><em>rrersurn</em></span> <span class='ocrx_word' id='word_1_268' title='bbox 970 3680 1025 3737; x_wconf 90' lang='lat' dir='ltr'><em>aut</em></span> <span class='ocrx_word' id='word_1_269' title='bbox 1041 3673 1188 3738; x_wconf 88' lang='lat' dir='ltr'><em>absolute</em></span> <span class='ocrx_word' id='word_1_270' title='bbox 1204 3673 1302 3758; x_wconf 90' lang='lat' dir='ltr'><em>poni·</em></span> 
     </span>
     <span class='ocr_line' id='line_1_35' title="bbox 172 3775 1302 3857; baseline -0.003 -13"><span class='ocrx_word' id='word_1_271' title='bbox 172 3787 237 3844; x_wconf 91' lang='lat' dir='ltr'><em>tur:</em></span> <span class='ocrx_word' id='word_1_272' title='bbox 270 3778 311 3843; x_wconf 92' lang='lat' dir='ltr'><em>lV</em></span> <span class='ocrx_word' id='word_1_273' title='bbox 345 3783 400 3844; x_wconf 87' lang='grc'><em>119</em></span> <span class='ocrx_word' id='word_1_274' title='bbox 423 3778 470 3843; x_wconf 85' lang='lat' dir='ltr'><em>ln</em></span> <span class='ocrx_word' id='word_1_275' title='bbox 492 3799 588 3857; x_wconf 77' lang='lat' dir='ltr'><em>quent</em></span> <span class='ocrx_word' id='word_1_276' title='bbox 613 3797 764 3857; x_wconf 79' lang='lat' dir='ltr'><em>quaeque</em></span> <span class='ocrx_word' id='word_1_277' title='bbox 788 3777 892 3840; x_wconf 82' lang='lat' dir='ltr'><em>locunt</em></span> <span class='ocrx_word' id='word_1_278' title='bbox 916 3775 1042 3840; x_wconf 76' lang='lat' dir='ltr'><em>(liverse</em></span> <span class='ocrx_word' id='word_1_279' title='bbox 1066 3775 1207 3840; x_wconf 86' lang='lat' dir='ltr'><em>ruentiue</em></span> <span class='ocrx_word' id='word_1_280' title='bbox 1232 3779 1302 3841; x_wconf 87' lang='lat' dir='ltr'><em>ten·</em></span> 
     </span>
    </p>
   </div>
   <div class='ocr_carea' id='block_1_3' title="bbox 173 3877 1303 4059">
    <p class='ocr_par' dir='ltr' id='par_1_5' title="bbox 173 3877 1303 4059">
     <span class='ocr_line' id='line_1_36' title="bbox 173 3877 1302 3962; baseline -0.002 -20"><span class='ocrx_word' id='word_1_281' title='bbox 173 3883 248 3958; x_wconf 82' lang='lat' dir='ltr'><em>dat:</em></span> <span class='ocrx_word' id='word_1_282' title='bbox 281 3884 344 3948; x_wconf 85' lang='lat'><em>300</em></span> <span class='ocrx_word' id='word_1_283' title='bbox 372 3885 487 3946; x_wconf 87' lang='lat' dir='ltr'><em>eontra</em></span> <span class='ocrx_word' id='word_1_284' title='bbox 513 3880 541 3943; x_wconf 89' lang='lat' dir='ltr'><em>si</em></span> <span class='ocrx_word' id='word_1_285' title='bbox 567 3881 700 3944; x_wconf 89' lang='lat' dir='ltr'><em>tendere</em></span> <span class='ocrx_word' id='word_1_286' title='bbox 716 3899 861 3962; x_wconf 58' lang='lat' dir='ltr'><em>perpes·</em></span> <span class='ocrx_word' id='word_1_287' title='bbox 884 3881 947 3944; x_wconf 90' lang='grc'><em>609</em></span> <span class='ocrx_word' id='word_1_288' title='bbox 970 3877 1216 3942; x_wconf 73' lang='lat' dir='ltr'><em>aestuatum</em></span> <span class='ocrx_word' id='word_1_289' title='bbox 1238 3877 1302 3941; x_wconf 88' lang='lat' dir='ltr'><em>uiis</em></span> 
     </span>
     <span class='ocr_line' id='line_1_37' title="bbox 173 3979 1303 4059; baseline 0 -15"><span class='ocrx_word' id='word_1_290' title='bbox 173 3983 310 4048; x_wconf 69' lang='lat' dir='ltr'><em>(derectis</em></span> <span class='ocrx_word' id='word_1_291' title='bbox 334 3983 446 4048; x_wconf 88' lang='lat' dir='ltr'><em>ornnia</em></span> <span class='ocrx_word' id='word_1_292' title='bbox 470 3983 632 4057; x_wconf 66' lang='lat' dir='ltr'><em>tendunt·</em></span> <span class='ocrx_word' id='word_1_293' title='bbox 658 3983 738 4047; x_wconf 75' lang='lat'>1055</span> <span class='ocrx_word' id='word_1_294' title='bbox 765 3981 863 4046; x_wconf 84' lang='lat' dir='ltr'><em>l&#39;ndc</em></span> <span class='ocrx_word' id='word_1_295' title='bbox 880 3979 1010 4059; x_wconf 77' lang='lat' dir='ltr'><em>feritur,</em></span> <span class='ocrx_word' id='word_1_296' title='bbox 1027 4002 1061 4044; x_wconf 90' lang='lat' dir='ltr'><em>eo</em></span> <span class='ocrx_word' id='word_1_297' title='bbox 1079 3979 1200 4059; x_wconf 88' lang='lat' dir='ltr'><em>tendit:</em></span> <span class='ocrx_word' id='word_1_298' title='bbox 1219 3982 1303 4045; x_wconf 77' lang='grc'>1910</span> 
     </span>
    </p>
   </div>
   <div class='ocr_carea' id='block_1_4' title="bbox 0 0 1486 4890">
    <p class='ocr_par' dir='ltr' id='par_1_6' title="bbox 0 0 1486 4890">
     <span class='ocr_line' id='line_1_38' title="bbox 0 0 1486 4890; baseline 0 0"><span class='ocrx_word' id='word_1_299' title='bbox 0 0 1486 4890; x_wconf 95' lang='lat' dir='ltr'><em> </em></span> 
     </span>
    </p>
   </div>
  </div>
 </body>
</html>
