2964 4890
1224 300 1264 375 19.

135 506 322 572 Ilertzius
354 526 385 589 p.
407 507 449 570 62
482 505 761 588 praepositionem
795 523 860 569 non
884 511 952 568 tam
974 510 1114 585 propter¹
1130 503 1224 568 metri
1247 523 1303 568 ne·
1354 536 1359 543 ·

138 608 360 675 cessitatem
376 627 475 692 quam
490 609 533 673 ad
549 626 618 672 rem
640 608 744 689 magis
760 605 911 671 sensibus
926 606 1153 671 subiciendam
1171 625 1190 671 a
1206 615 1305 689 poeta

134 714 316 795 positam
339 730 413 777 esse
437 716 541 792 putat.
1126 776 1130 783 ,

274 816 389 878 nixari.
433 812 474 877 IV
507 814 570 878 506
691 810 944 887 Fundamenta,
978 809 1131 890 quibas
1164 811 1306 875 nixatur

166 917 240 982 avita
264 916 432 996 salsasque.
479 916 589 979 Altero
612 916 685 980 loco
709 914 748 978 lll
773 916 855 980 1000
876 914 947 978 Hoc
971 917 1020 977 est
1050 914 1225 978 adverso
1252 914 1304 980 ni-

148 1024 309 1085 xantem
333 1019 465 1082 tradere
487 1021 623 1081 nante
646 1016 776 1081 Saena
799 1016 944 1081 Holtzius
967 1016 1033 1080 bin.
1056 1037 1086 1099 p.
1111 1017 1210 1081 8non
1234 1018 1304 1083 sine

161 1142 274 1189 causa
297 1121 474 1187 ablativum
498 1121 540 1184 ad
562 1119 804 1183 similitudinem
827 1114 959 1183 ablativi
983 1119 1054 1184 viae
1072 1119 1214 1200 positum
1230 1139 1303 1185 esse

162 1224 411 1302 animadvertit,
445 1242 520 1287 cum
553 1221 595 1286 ad
628 1220 820 1285 infinitivum
855 1220 987 1284 tradere
1009 1222 1116 1302 potius
1139 1241 1238 1304 quam
1261 1222 1303 1285 ad

169 1326 378 1408 participium
401 1326 562 1408 pertinere
585 1324 747 1406 putandus
770 1325 819 1388 sit.
845 1323 1018 1389 Praeterea
1040 1323 1068 1387 V
1088 1325 1151 1390 836
1166 1323 1231 1388 Hic
1247 1323 1303 1388 abi

175 1428 289 1494 nixari
321 1431 496 1508 nequeant
525 1426 744 1505 insistereque
778 1425 860 1490 alis
894 1427 1071 1491 ablativum
1098 1445 1138 1491 ex
1165 1435 1304 1510 utroque

165 1532 328 1597 infinitivo
350 1550 448 1596 sensu
471 1531 707 1595 instrumentali
731 1531 873 1612 pendere
894 1538 983 1595 recte
1005 1530 1172 1595 contendit
1194 1532 1304 1596 Kraet-

172 1635 282 1700 sobius
315 1653 345 1715 p.
378 1635 429 1713 20,
463 1632 517 1697 ubi
550 1633 667 1696 similia
701 1650 740 1698 ex
768 1632 909 1714 Vergilio
933 1640 964 1697 et
987 1631 1101 1698 Ovidio
1124 1633 1229 1698 adfert
1252 1653 1303 1698 ex·

174 1737 287 1820 empla.

535 1904 562 1957 3.
598 1904 761 1959 ablativus
779 1905 938 1973 temporis.

275 2043 311 2108 ln
332 2044 442 2124 lingua
469 2044 570 2107 latina
599 2043 777 2126 antiquitus
800 2062 878 2108 casu
902 2044 996 2108 locali
1019 2050 1050 2107 et
1073 2051 1188 2125 postea
1210 2045 1302 2110 abla-

177 2147 240 2213 tivo
263 2146 358 2211 locali
382 2165 447 2228 quo
474 2153 621 2227 tempore
648 2146 770 2228 aliquid
796 2146 851 2209 fiat
874 2145 1048 2228 significari
1071 2148 1220 2212 omnibus
1244 2168 1301 2214 no·

175 2257 239 2314 lum
263 2254 323 2316 est.
367 2248 473 2331 Atque
504 2249 673 2314 eiusmodi
696 2248 845 2312 ablativis
862 2250 1059 2331 praepositio
1074 2251 1208 2332 adiungi
1225 2253 1309 2316 solet

175 2372 245 2417 eum
269 2369 389 2418 nomen
412 2352 543 2433 propria
566 2352 720 2433 temporis
744 2352 875 2416 notione
900 2370 999 2434 egens
1015 2354 1125 2418 addito
1142 2355 1302 2421 adiectivo

174 2455 220 2519 vel
254 2454 447 2519 substantivi
475 2454 625 2535 genetivo
655 2473 721 2517 non
750 2454 908 2534 definitur,
936 2457 1077 2539 itemque
1101 2458 1301 2539 saepissime,

174 2558 224 2623 ubi
247 2575 315 2623 non
335 2562 404 2621 tam
427 2556 467 2621 de
490 2557 561 2638 ipso
583 2562 730 2638 tempore
753 2575 851 2639 quam
875 2558 914 2622 de
938 2559 1130 2624 condicione
1145 2562 1301 2642 temporis

171 2662 282 2742 agitur.
304 2658 424 2724 Verum
437 2658 478 2722 ad
488 2665 615 2741 tempus
627 2658 834 2722 indicandum
847 2660 968 2724 nudum
981 2681 1111 2743 quoque
1124 2663 1297 2727 ablativum

173 2781 244 2827 eum
267 2762 508 2845 praepositione
531 2762 740 2826 coniunctum
763 2763 850 2827 nullo
873 2762 938 2827 fere
962 2764 1146 2829 discrimine
1163 2767 1301 2831 interce-

172 2865 266 2931 dente
290 2884 311 2929 a
333 2866 438 2947 poetis
461 2866 610 2945 usurpari
634 2872 772 2943 constat,
796 2866 915 2948 quippe
938 2868 991 2949 qui
1014 2874 1046 2932 ct
1062 2870 1158 2933 metri
1174 2869 1302 2951 legibus

172 2968 268 3033 vincti
290 2968 356 3031 sint
378 2974 411 3032 et
433 2985 532 3048 saepe
554 2968 697 3033 sermoni
721 2969 845 3050 vulgari
865 2969 1060 3052 indulgeant.
1089 2971 1198 3051 Quare
1214 2975 1300 3055 apud

171 3070 353 3136 Lucretium
382 3088 512 3153 quoque
543 3077 659 3134 contra
686 3089 779 3134 usum
807 3072 972 3153 vulgarem
996 3075 1180 3155 appositam
1203 3094 1297 3157 prae-

171 3173 365 3254 positionem
397 3173 543 3254 plurimis
578 3173 658 3238 locis
692 3172 885 3251 invenimus,
919 3174 973 3238 ubi
996 3176 1035 3240 de
1057 3177 1128 3259 ipsa
1153 3183 1300 3259 tempore

171 3276 283 3357 agitur,
307 3274 339 3337 id
366 3276 453 3357 quod
484 3276 640 3342 Meissnor
663 3299 691 3360 p.
715 3279 757 3343 45
779 3287 867 3343 recte
891 3279 1127 3343 animadvertit.
1152 3281 1219 3344 lam
1242 3300 1298 3348 ex-

171 3378 283 3461 emplis
316 3377 422 3442 allatis
455 3380 559 3461 qualis
587 3382 628 3443 sit
656 3400 734 3445 usus
756 3380 887 3444 ablativi
910 3383 1065 3463 temporis
1088 3382 1299 3449 Lucretianus

171 3486 322 3545 accurate
352 3478 542 3545 docebimus
575 3501 648 3547 eam
683 3484 842 3547 rationem
875 3492 1057 3565 sequentes,
1088 3486 1135 3549 uti
1158 3487 1299 3568 primum

171 3584 303 3649 nomina
324 3584 480 3664 temporis
496 3585 662 3649 notionem
680 3587 810 3668 proprie
825 3587 1038 3667 exprimentia
1054 3589 1297 3671 perlustramus

171 3685 285 3751 deinde
308 3685 372 3750 alia
394 3684 598 3751 substantiva
621 3688 833 3770 proferamus.

268 3794 381 3853 aeetae.
425 3788 465 3851 lV
487 3791 528 3855 58
563 3789 646 3854 Can
682 3791 791 3855 teretis
818 3796 957 3873 poseant
979 3792 1111 3859 lecticas
1135 3799 1300 3860 aestate

173 3888 320 3968 cicadae·
341 3889 370 3953 V
393 3891 455 3955 803
480 3884 659 3957 dbllicatlos
685 3899 835 3959 aeternna
859 3895 968 3959 teretis
984 3899 1148 3961 aestate
1164 3897 1297 3962 circadae

172 3988 321 4057 Lincnnt
340 3996 457 4073 sponte
479 4014 543 4058 saa
566 3994 687 4059 eisteten
712 3996 877 4077 altamque
893 4002 1061 4079 petentes,
1084 3998 1125 4063 Vl
1148 4002 1210 4065 715
1229 3999 1300 4063 Asa

173 4093 249 4171 qaia
274 4097 359 4159 sant
383 4100 552 4160 aestate
580 4098 753 4177 caqtviloaes
777 4099 860 4163 ostia
883 4105 1015 4179 catara,
1038 4103 1102 4166 840
1124 4100 1299 4185 Fripida'or

168 4212 263 4273 porro
286 4195 325 4263 in
340 4197 455 4279 pateis
479 4204 643 4265 aestate
665 4200 704 4280 fit
728 4223 829 4266 celator.
