2964 4890
224 228 265 291 66

179 411 354 496 pisarentt‘s
388 409 618 488 Concelebrus:
652 410 693 474 VI
725 411 786 475 697
821 408 878 473 Eu
910 408 969 473 hoc
1002 428 1107 487 nuque
1129 407 1217 471 muri
1236 429 1311 488 spe·

181 517 301 582 torneae
323 513 444 579 orontis
468 514 513 577 ud
536 513 622 576 ottus
644 512 854 576 Per-retritum
875 512 987 575 sortiter
1008 510 1132 591 fiuntccc.

283 638 373 698 super
406 634 534 696 semper
567 616 653 698 apud
686 617 869 681 Lucretium
899 616 1006 678 locum
1029 614 1150 678 indicat
1172 613 1310 677 velutV

179 724 239 787 271
275 720 354 785 ioue
381 739 483 800 super
507 722 612 782 terras
634 718 712 798 fluit
732 718 865 800 optatae
888 717 995 796 ‹tutet-
1017 719 1078 782 501
1105 720 1136 780 ct
1158 715 1309 795 liquidis-

179 824 283 887 se'mus
317 822 429 886 aether
460 821 569 900 Atque
597 820 780 884 levissimas
803 820 912 884 cirues
935 841 1036 900 stupet·
1059 820 1173 899 mptum
1194 840 1307 884 aurae.

281 930 408 1005 insuper
441 944 514 988 oum
549 925 736 989 accusativo
765 924 894 1005 ponitur
908 925 948 1003 ²):
982 923 1024 987 VI
1051 923 1308 1002 motuumque

178 1049 255 1090 satos
292 1025 557 1109 corusoapm'neos
593 1025 705 1090 alienu
730 1046 884 1108 raporum
911 1024 1060 1106 Iasttper
1084 1028 1235 1089 euctrtrrto
1256 1024 1308 1089 iu-

177 1129 269 1212 peatr'
292 1130 432 1193 cluuror’c
456 1127 616 1191 locabant.

281 1232 425 1312 Denique
457 1230 655 1294 monendum
686 1236 735 1293 est
757 1230 843 1311 apud
867 1230 1049 1293 Lucretium
1073 1247 1185 1292 earum
1207 1229 1307 1309 parti-

178 1335 324 1398 cularum
358 1352 442 1414 quae
474 1333 751 1413 praepositionum
784 1333 854 1396 vice
877 1331 1052 1412 iunguntur
1074 1330 1161 1394 haud
1183 1349 1306 1411 paucas

178 1436 324 1499 absolute
358 1441 531 1516 usurpatas
565 1454 649 1514 esse,
681 1435 721 1498 de
755 1434 871 1515 quibus
904 1440 1039 1514 egerunt
1072 1433 1217 1497 Holtzius
1241 1434 1306 1497 Lin.

176 1559 228 1620 pp.
254 1541 293 1602 10
315 1557 362 1619 sq.
385 1542 425 1602 69
449 1556 518 1618 sqq.
541 1536 703 1602 Ebrardus
725 1556 776 1619 pp.
798 1539 862 1602 594
885 1557 932 1619 sq.

454 1728 484 1790 2.
527 1726 741 1790 Accusativus
763 1746 838 1790 cum
860 1727 1024 1790 infinitivo.

280 1864 327 1928 De
360 1865 538 1928 accusativi
571 1884 646 1929 cum
668 1864 822 1928 infinitivo
846 1884 906 1926 usu
930 1865 1132 1943 Lucretiano,
1157 1864 1304 1945 quamvis

176 1968 277 2031 multa
310 1968 371 2031 dici
393 1969 528 2048 possint,
552 1968 613 2031 sub
639 1968 826 2032 accusativo
849 1986 946 2047 agere
968 1967 1175 2048 supersede0‚
1201 1985 1303 2048 quon-

174 2072 239 2134 iam
273 2072 378 2151 aptius
412 2089 476 2134 uno
510 2079 633 2149 tenore,
670 2070 723 2134 ubi
756 2069 901 2133 infinitivi
924 2090 1002 2133 usus
1025 2069 1095 2134 fuse
1118 2071 1302 2148 illustratur,

175 2175 256 2238 haec
279 2181 441 2237 structura
463 2179 513 2237 est
534 2175 788 2254 pervestiganda.
819 2174 852 2236 ld
869 2180 979 2237 tamen
993 2174 1215 2237 adnotandum
1229 2192 1303 2237 cen-

175 2295 231 2340 seo
265 2278 351 2357 apud
386 2277 568 2340 Lucretium
597 2278 691 2339 huius
714 2282 896 2341 structurae
919 2277 1075 2356 originem
1098 2284 1130 2340 et
1152 2284 1303 2340 naturam

176 2381 297 2460 optime
320 2398 487 2461 apparere,
511 2380 700 2460 praesertim
724 2399 797 2442 cum
815 2381 922 2442 multis
934 2381 967 2443 in
979 2379 1086 2443 verbis
1098 2378 1186 2442 haud
1198 2398 1303 2461 pauca

174 2501 258 2563 quae
291 2483 455 2546 mentione
489 2482 553 2545 sint
579 2483 675 2562 digna
702 2489 883 2545 occurrant.
928 2481 999 2561 Qua
1021 2483 1060 2546 de
1084 2499 1184 2545 causa
1207 2501 1300 2564 spero

173 2584 242 2649 fore
265 2592 301 2649 ut
323 2585 400 2647 mihi
422 2585 498 2648 data
521 2585 695 2648 occasione
717 2585 758 2648 ad
780 2586 862 2648 haec
884 2586 1002 2649 reverti
1025 2586 1127 2648 liceat.

276 2793 298 2858 ¹)
326 2790 374 2842 Cfr
397 2790 423 2842 0.
448 2790 604 2856 Hampius
633 2790 683 2841 Die
710 2795 1006 2856 zusammengesetzten
1024 2790 1249 2856 Praepositionen
1266 2791 1301 2841 im

173 2876 372 2930 Lateinischen.
402 2876 483 2928 Arch.
502 2877 526 2929 V
545 2892 589 2942 pp.
611 2876 756 2929 321-368.
