2964 4890
214 255 255 315 84

173 440 377 504 emendando
399 440 490 503 varia
511 440 636 503 ratione
660 440 798 504 editores
821 448 963 520 egerunt.
1007 441 1090 505 Nam
1113 449 1148 504 ut
1171 442 1298 505 coniec-

171 551 262 606 turas
284 543 415 605 minime
438 541 620 622 probabiles
643 543 801 621 omittam,
825 543 1019 625 Beruaysius
1041 543 1157 605 sueto
1181 561 1298 624 propo-

172 647 244 725 suit,
278 644 393 708 Munro
430 643 564 707 Teucris
597 646 734 726 scripsit,
768 645 899 726 Brieger
926 645 1090 727 Bernaysii
1113 647 1300 709 coniectura

173 749 311 830 probata
344 749 461 811 lacuna
493 755 567 828 post
592 768 621 810 v.
644 750 706 813 469
729 749 855 828 signata
880 747 1186 812 venustet-410
1209 749 1299 812 uncis

172 852 300 915 inclusit
313 850 346 933 ¹).
380 850 499 914 Verum
523 851 585 914 hae
608 852 815 914 coniecturae
837 851 1020 914 reiciendae
1039 851 1197 930 videntur,
1215 851 1300 931 quud

173 991 214 1000 -
239 960 275 1017 ut
296 952 403 1017 verbis
426 959 499 1016 utar
520 953 720 1017 Laehmauni
731 954 936 1017 coniecturas
948 954 1067 1017 similes
1079 953 1225 1016 Lambini
1239 956 1299 1033 (re-

174 1056 247 1130 lus)
283 1064 315 1119 et
347 1055 536 1119 Wakefieldi
570 1054 681 1135 (toris
714 1061 746 1119 et
769 1054 965 1138 lapionilus)
989 1056 1237 1119 condemnantis
1261 1091 1298 1100 -

125 1154 127 1157 ’
172 1161 254 1222 istae
288 1159 460 1222 divisiones
494 1177 598 1238 neque
633 1159 804 1240 quiequam
840 1159 881 1222 ad
911 1177 978 1222 rem
1002 1158 1124 1222 iaciunt
1147 1165 1178 1221 et
1201 1157 1300 1222 salsae

173 1268 255 1325 suut.
290 1262 389 1324 Reate
413 1260 541 1341 quidem
565 1262 646 1324 haee
669 1261 745 1324 dicit
757 1260 1040 1341 Stuerenburgius:
1063 1261 1203 1341 pessime
1216 1262 1299 1324 euim

174 1364 280 1428 verbis
314 1363 472 1426 1161111-
496 1362 590 1425 uliud
624 1364 706 1427 iuter
739 1365 885 1444 eorporis
917 1370 950 1427 et
978 1364 1041 1427 loei
1063 1364 1214 1427 notiones
1237 1363 1299 1426 dis-

172 1467 324 1546 iungitur;
356 1484 463 1529 rerum
487 1467 572 1529 enim
595 1472 758 1545 gestarum
783 1467 914 1530 minime
937 1467 1018 1530 aliae
1042 1467 1198 1546 eorporis
1220 1467 1300 1530 aliae

173 1571 236 1635 loei
259 1577 343 1648 sunt,
367 1570 424 1632 sed
447 1587 561 1633 omnes
583 1571 749 1650 utriusque
771 1570 818 1632 rei
841 1575 958 1633 eventa
982 1568 1043 1647 (efr
1060 1589 1088 1632 v.
1104 1570 1164 1633 481
1185 1573 1299 1633 euentu

174 1671 318 1752 eorporis
342 1675 440 1750 etque
463 1670 546 1752 lori).
582 1671 672 1750 Quae
694 1691 768 1735 eum
793 1673 838 1735 ita
860 1673 933 1750 sint,
956 1671 1156 1735 Lachmauui
1171 1672 1299 1735 coniec-

173 1782 281 1839 turam
304 1793 370 1838 non
393 1793 526 1855 possum
549 1794 614 1838 nou
637 1774 784 1855 probare.
822 1774 887 1839 Sed
910 1775 1012 1838 oritur
1034 1775 1181 1855 quaestio
1205 1793 1299 1855 quem

173 1879 215 1942 ad
237 1878 370 1942 modum
392 1876 492 1941 verba
513 1876 704 1959 repiont'bas
727 1877 808 1957 ipsis
830 1877 1020 1958 explicanda
1042 1878 1113 1940 sint.
1147 1876 1176 1939 A
1199 1877 1300 1940 Laeh-

174 1999 296 2045 manno
320 1980 495 2043 ablativum
518 1982 615 2043 statui
637 1980 711 2044 iude
733 1989 877 2060 apparet,
903 1980 989 2060 quod
1010 1981 1044 2042 iu
1067 1981 1300 2043 commentario

174 2086 220 2149 sie
255 2084 409 2148 distinxit:
444 2082 548 2164 altrat,
575 2082 765 2165 ropionibus
787 2082 869 2163 ipsis
893 2084 1143 2163 quadrataque
1167 2082 1231 2145 erit
1252 2103 1300 2145 or-

175 2190 254 2266 tum,
359 2189 511 2249 eveniunt
545 2184 609 2248 diei
637 2184 770 2265 poterii.
816 2185 1086 2266 Stuereuburgius
1119 2203 1198 2249 vero
1222 2186 1301 2249 dati-

175 2309 252 2353 vum
281 2290 376 2369 plane
398 2289 548 2351 vitiosum
573 2306 644 2351 esse
668 2288 846 2367 contendit;
869 2288 1014 2351 dativum
1036 2288 1122 2351 enim
1145 2294 1203 2351 aut
1225 2306 1301 2369 pen-

175 2393 251 2456 dere
285 2392 325 2456 de
359 2396 520 2471 eueniant,
551 2392 638 2472 quod
660 2390 733 2454 ferri
757 2398 907 2472 nequeat,
931 2397 987 2455 aut
1009 2391 1050 2455 ad
1074 2390 1139 2454 diei
1161 2391 1301 2456 referen-

176 2495 252 2559 dum
287 2512 367 2572 esse,
403 2494 490 2574 quod
523 2512 590 2557 nou
622 2495 725 2574 magis
758 2493 832 2557 ferri
866 2495 1021 2558 videatur.
1066 2494 1170 2557 Nihilo
1198 2495 1302 2557 minus

175 2594 366 2680 ropionibus
389 2596 531 2659 dativum
555 2614 627 2660 esse
650 2595 714 2658 diei
737 2596 892 2659 infinitivo
916 2596 1122 2660 su‘biunetum
1145 2597 1218 2660 ideo
1239 2597 1302 2660 exi-

178 2701 284 2778 stimo,
309 2698 396 2779 quod
418 2699 584 2763 Lueretius
607 2700 689 2762 haee
712 2698 846 2779 praebet
868 2698 910 2762 lV
933 2702 995 2763 160
1021 2698 1067 2763 Ut
1086 2698 1201 2761 arelato
1223 2699 1304 2762 celer

176 2801 237 2864 leis
271 2799 386 2863 rebus
420 2800 552 2864 dicatur
575 2800 674 2883 ampo,
697 2799 752 2864 ubi
774 2801 901 2864 dativus
924 2808 1012 2865 eerte
1035 2801 1226 2865 statuendus
1249 2807 1302 2865 est.

178 2905 259 2968 Nam
295 2904 461 2968 Lueretius
494 2921 591 2984 saepe
625 2889 768 2967 dativum
797 2904 974 2967 admodum
996 2903 1094 2968 libere
1118 2910 1253 2985 usurpat
1273 2909 1303 2967 et

177 3015 314 3088 utroque
338 3007 409 3070 loeo
433 3005 498 3068 sliri
520 3005 587 3070 fere
609 3006 694 3070 idem
715 3006 802 3069 valet
825 3008 912 3088 quod
936 3006 1047 3070 odd-iai
1069 3005 1159 3070 eddi.
1196 3008 1303 3087 ltaque
1357 3080 1362 3095 1

177 3111 260 3173 haee
284 3109 406 3173 exsistit
428 3109 491 3172 loci
506 3110 680 3172 sententia:
697 3109 782 3172 aliud
797 3128 856 3190 per
871 3128 907 3173 se
924 3116 982 3188 est,
999 3110 1093 3189 aliud,
1110 3110 1198 3190 quod
1215 3130 1302 3173 eum-

178 3232 242 3294 que
275 3215 334 3276 erit
368 3221 488 3291 aetum,
522 3211 707 3292 regionibus
740 3213 817 3292 ipsis
846 3212 876 3296 (i,
909 3231 935 3276 e.
958 3214 1126 3292 regionum
1149 3213 1302 3294 ipsarum)

176 3322 329 3381 eventum
352 3316 413 3379 diei
440 3316 565 3396 poterit.
587 3353 630 3361 —
652 3316 690 3379 ΙΙΙ
714 3318 797 3381 1024
820 3317 892 3381 Hor
916 3315 1014 3379 etium
1039 3315 1107 3378 tibi
1132 3315 1304 3380 tutatuta·

177 3419 257 3482 eitun
281 3418 387 3501 dicere
404 3417 531 3497 possim·
554 3417 594 3482 lV
619 3421 679 3484 160
701 3438 800 3499 supra
821 3420 920 3482 attuli,

280 3541 458 3584 memorare.
480 3521 521 3584 Vl
547 3523 629 3586 1030
653 3521 721 3584 tibi
744 3542 841 3600 quem
864 3541 1014 3585 memoro,

281 3644 528 3688 commemorare.
558 3624 570 3686 i
598 3627 662 3689 400
684 3624 862 3703 Multoque
880 3628 1058 3703 praetereo
1081 3622 1150 3686 att
1166 3644 1303 3703 possam

177 3727 459 3790 commemorando
495 3726 704 3809 Aequoream
729 3726 827 3804 fidem
851 3725 946 3790 utres
970 3725 1150 3789 conradere
1173 3725 1302 3790 austrie.

280 3834 422 3909 probare.
457 3829 485 3893 V
520 3831 581 3894 155
616 3828 709 3907 Qteae
744 3828 812 3892 teti
841 3829 1009 3909 posterius
1041 3829 1133 3912 luipo
1157 3848 1304 3893 sermone

172 3931 328 4012 probabo.

282 4070 302 4133 ¹)
319 4068 548 4135 Stuerenburgius
566 4085 607 4120 vv.
625 4069 762 4120 464-470
780 4075 920 4136 tamquam
942 4069 976 4122 ab
990 4069 1185 4136 interpolatore
1198 4068 1303 4123 additos

179 4159 241 4222 post
259 4172 283 4207 v.
302 4155 352 4205 482
370 4152 587 4221 transponendus
606 4158 688 4220 atque
706 4155 782 4206 uncis
800 4153 979 4207 includendos
998 4169 1057 4207 esse
1075 4160 1174 4207 censet.
