2964 4890
212 213 244 256 Ν

171 384 420 443 Lucretianum
447 383 669 459 pertinentes
693 384 835 457 tractavit,
860 386 910 461 qui
934 384 1065 462 quidem,
1089 404 1157 443 curn
1182 385 1301 445 ablativi

171 492 200 544 et
222 485 383 544 accusativi
407 504 494 542 usum
517 485 680 543 admodum
708 491 845 545 accurate
868 487 1089 560 examinaverit,
1114 494 1228 547 ceteros
1251 508 1301 548 ca·

171 608 223 647 sus
245 588 347 647 leviter
368 587 501 664 attigerit,
525 605 621 664 neque
645 589 745 646 onmia
767 587 894 647 absolvit
916 589 1053 666 exempla
1074 608 1171 667 neque
1192 591 1221 648 in
1241 592 1301 649 sin-

171 690 246 767 gulis
270 709 394 749 casuum
417 689 575 767 generibus
597 696 676 748 recto
700 690 771 748 milri
794 691 889 768 egisse
911 690 1035 750 videtur.
1072 692 1146 749 Tum
1169 692 1302 753 Guilel-

172 813 247 851 mus
280 791 459 850 Ebrardus
493 791 603 865 libello,
640 811 729 870 quem
763 792 804 851 do
827 793 975 852 ablativi
998 794 1146 853 locativi
1169 796 1302 854 instru-

172 895 337 954 mentalis
371 894 463 971 apud
493 895 632 971 priscos
655 895 851 971 scriptores
875 895 1003 955 latinos
1027 916 1090 955 usu
1116 898 1302 975 conscripsit,

171 997 325 1076 permultis
359 997 504 1074 oxornplis
537 997 720 1056 Lucretianis
749 999 845 1057 ieiune
869 1001 1048 1058 remuneratis
1070 999 1163 1058 multa
1186 999 1303 1077 reliquit

172 1119 249 1178 tqtrae
273 1101 422 1158 mentione
445 1105 546 1157 essent
568 1100 657 1176 digna
678 1118 776 1177 neque
800 1100 891 1159 ullam
914 1101 951 1159 de
974 1102 1120 1160 sermonis
1136 1102 1302 1161 Lucretiam

172 1209 278 1263 natura
300 1203 449 1280 propriam
473 1202 648 1260 senteutiam
673 1202 795 1279 protulit
808 1202 840 1279 1).

276 1305 389 1378 Quibus
423 1325 460 1363 ox
490 1306 588 1364 causis
612 1305 648 1363 de
672 1325 796 1363 casuum
820 1307 937 1383 syntaxi
959 1306 1135 1365 Lucretiana
1158 1308 1303 1367 disserere

172 1426 232 1467 non
255 1409 386 1484 ineptum
412 1426 509 1485 neque
532 1408 569 1465 ad
593 1426 762 1466 sermonem
784 1409 962 1485 scriptorum
979 1407 1137 1467 latinorum
1154 1409 1303 1469 illustran-

173 1510 245 1568 dum
278 1509 380 1568 inutile
414 1510 565 1586 putabam.
611 1508 707 1581 Quam
741 1510 884 1568 rationem
918 1511 947 1567 in
982 1509 1081 1569 libello
1116 1511 1302 1570 conficiendo

174 1619 353 1672 consecutus
385 1613 451 1684 sirn,
475 1613 649 1690 priusquam
674 1612 710 1670 ad
734 1612 830 1688 ipsam
853 1631 915 1670 rem
939 1612 1100 1689 aggrediar,
1125 1615 1229 1690 paucis
1252 1633 1303 1673 ex-

173 1733 284 1792 ponere
319 1714 391 1772 1111111
425 1714 520 1773 liceat.
566 1713 663 1792 Atque
699 1733 768 1772 cum
802 1714 839 1773 de
869 1732 994 1773 casuum
1017 1734 1074 1773 usu
1098 1715 1250 1792 disputare
1272 1718 1303 1775 in

174 1818 273 1876 animo
304 1816 455 1889 haberem,
491 1817 563 1893 quid
597 1817 634 1875 de
669 1835 793 1875 casuum
817 1817 957 1894 primaria
979 1818 1008 1876 vi
1031 1837 1066 1876 ac
1089 1818 1303 1894 significatione

174 1920 320 1978 senserint
342 1921 535 1996 grammatici,
560 1920 702 1978 adnotare
725 1926 753 1978 et
776 1921 946 1979 examinare
969 1921 1096 1994 decrevi,
1110 1928 1142 1979 ut
1155 1922 1226 1998 quid
1239 1923 1303 1998 ipse

175 2023 332 2099 probarem
357 2022 517 2099 patefieret,
541 2023 714 2099 praesertim
738 2041 806 2080 cum
829 2024 859 2082 in
873 2023 996 2101 singulis
1009 2043 1134 2083 casuum
1146 2024 1304 2101 generibus

168 2120 389 2184 'constituendis
422 2144 482 2183 non
517 2125 627 2202 ubique
661 2127 921 2202 grammaticorum
955 2128 1084 2186 rationes
1122 2134 1242 2186 secutus
1276 2134 1305 2185 et

175 2224 375 2304 perspicuitati
407 2234 435 2286 et
458 2247 582 2286 casuum
606 2228 817 2304 propinquitati
841 2229 996 2287 consulere
1020 2248 1152 2287 conarer.
1187 2229 1239 2285 His
1252 2230 1304 2305 igi-

173 2336 221 2387 tur
253 2329 352 2401 rebus,
377 2336 408 2387 ut
431 2330 471 2388 ait
492 2330 655 2402 Lucretius,
679 2330 846 2389 subiunctis
869 2331 1091 2407 suppositisque
1114 2331 1304 2388 uniuscuius-

175 2450 233 2508 que
259 2451 347 2490 casus
372 2431 451 2508 apud
473 2431 642 2490 Lucretium
665 2452 753 2490 usum
777 2434 946 2491 examinare
969 2431 1115 2490 illustrare
1138 2432 1304 2508 ponderare

175 2534 315 2593 conabor.
360 2533 458 2611 Atque
491 2552 528 2592 ne
563 2535 629 2612 quis
656 2535 778 2607 nesciat,
803 2554 863 2611 qua
885 2535 997 2593 ratione
1019 2534 1049 2591 in
1072 2533 1145 2592 locis
1168 2534 1304 2593 adferen-

176 2637 221 2695 dis
244 2656 317 2694 usus
340 2637 406 2709 sim,
430 2636 459 2694 id
484 2638 528 2713 egi
552 2643 583 2694 ut
606 2638 707 2696 omnia
723 2636 859 2713 exempla
875 2656 964 2713 quarn
982 2637 1204 2695 accuratissime
1221 2637 1303 2695 colli-

174 2757 272 2816 gerem
308 2746 336 2796 et
370 2739 579 2812 exscriberem,
615 2759 682 2798 cum
717 2741 746 2798 in
778 2740 835 2798 hac
869 2758 899 2797 re
923 2739 961 2797 ab
984 2738 1049 2798 aliis
1072 2757 1162 2816 saepe
1185 2742 1303 2815 peccari

175 2842 381 2918 cognovissem
413 2876 452 2885 —
475 2842 532 2899 nisi
555 2842 629 2901 sorte
652 2861 773 2920 prorsus
797 2842 905 2901 similia
927 2848 1027 2901 essent
1049 2843 1184 2919 proxime
1207 2842 1304 2901 allatis

174 2962 271 3021 neque
306 2944 343 3002 ad
378 2963 546 3003 sermonem
569 2946 697 3004 Lucretii
718 2945 926 3003 illustrandum
950 2944 1091 3018 valerent,
1115 2963 1192 3022 quae
1215 2945 1304 3002 nudis

173 3047 306 3105 numeris
328 3047 400 3105 satis
423 3046 514 3105 habui
537 3047 688 3106 adnotare.

277 3149 380 3208 Restat
412 3157 444 3207 ut
477 3149 574 3208 dicam
609 3170 656 3209 me
691 3151 719 3209 in
751 3149 825 3208 locis
849 3150 1018 3210 adferendis
1041 3151 1170 3210 editione
1192 3149 1304 3207 Lach-

175 3253 293 3310 manni
316 3271 403 3309 usum
423 3271 499 3324 esso,
520 3271 650 3329 quacum
671 3253 815 3312 editiones
832 3253 1018 3332 Bernaysii
1034 3252 1191 3328 Briegeri
1206 3251 1304 3308 Mun-

174 3354 271 3413 ronis
305 3353 459 3430 diligenter
491 3355 612 3428 contuli,
648 3363 679 3414 ut
713 3356 784 3434 quid
818 3375 921 3415 verum
955 3362 1034 3415 esset
1056 3360 1145 3429 atque
1168 3353 1304 3410 Lucretio

175 3456 297 3533 dignuin
320 3474 530 3532 cognoscerem
554 3464 582 3516 et
605 3458 778 3517 adnotarem
790 3456 824 3535 2),
862 3457 959 3535 Atque
972 3456 1147 3514 Munronem
1160 3455 1304 3531 inprimis

277 3593 298 3656 ¹)
325 3591 524 3656 Dracgerum
547 3589 687 3641 consulere
705 3602 803 3655 operae
821 3588 938 3654 pretium
957 3601 1011 3638 non
1030 3584 1103 3647 duxi,
1122 3587 1249 3652 quoniam
1271 3602 1304 3639 ex

175 3675 294 3729 editione
316 3675 436 3728 Lucretii
455 3675 546 3726 nescio
564 3689 618 3740 qua
636 3673 762 3726 obsoleta
780 3686 866 3739 pauca
884 3671 1007 3738 exempta
1025 3677 1053 3723 et
1070 3686 1167 3724 manca
1186 3677 1213 3724 et
1231 3686 1304 3724 men-

175 3763 242 3816 dosa
260 3761 362 3815 attulit.

260 3848 282 3915 ²)
307 3844 570 3898 Bockemuetleri
598 3843 744 3896 editionem
771 3842 825 3894 nisi
852 3842 946 3908 paucis
973 3841 1040 3894 locis
1066 3840 1101 3893 ad
1119 3856 1197 3892 usum
1215 3856 1304 3894 meum

175 3950 232 3987 non
259 3931 379 3998 adhibui,
408 3931 535 3996 quoniam
564 3944 624 3980 cum
652 3928 781 3994 Briegero
808 3932 835 3978 ct
859 3926 1109 3979 Hocrschelmanno
1128 3926 1187 3980 eius
1206 3927 1233 3978 in
1251 3927 1304 3979 Lu·

175 4018 259 4071 cretio
278 4014 447 4069 emendando
467 4014 558 4067 studia
576 4028 657 4079 quam
675 4013 836 4079 gravissime
855 4010 1099 4064 condemnantibus
1117 4027 1229 4079 prorsus
1243 4027 1304 4064 con-

176 4103 272 4156 sentio.
