2964 4890
1224 332 1263 395 13

168 552 279 615 per-e
310 552 466 615 enipeum
508 532 550 599 Vl
580 535 662 601 1216
696 534 874 615 Multoque
907 534 1000 600 humi
1032 555 1107 600 enm
1128 520 1307 601 inhumato

175 634 329 700 tenuent
352 652 491 717 corpora
518 654 625 717 supra
652 624 922 719 despuimus
951 640 1062 702 temen
1089 636 1232 701 etittietm
1252 656 1307 721 pe·

176 758 246 803 uus
259 741 369 820 ‘stow
389 737 541 820 [aarum
558 740 634 804 Aut
650 737 772 822 presset
791 741 1034 824 opoliensi-ut
1054 741 1310 808 eorem-exeun

177 840 322 924 odorere,
343 841 422 925 Aut,
444 841 502 907 ubi
522 847 687 927 peteteret,
711 844 894 929 tenpuebot
913 849 1016 910 morte
1029 845 1238 928 propinqua.
1250 845 1308 911 'De

176 942 286 1010 torma
308 943 499 1027 emporibus
519 944 666 1011 Hottzius
688 946 756 1012 Lin.
779 968 808 1031 p.
833 949 977 1015 lenaeo
999 948 1182 1015 adnotavit:
1197 967 1307 1029 eorpo-

178 1045 273 1119 ritnes
294 1054 342 1112 est
366 1044 504 1126 dutinus,
523 1049 629 1131 ‚qussi
655 1049 897 1133 superiecerent
919 1050 1121 1134 corporibus,
1145 1050 1233 1134 quod
1255 1050 1308 1114 vix

177 1148 345 1239 credibile
354 1150 491 1231 videtur,
513 1169 621 1235 neque
644 1152 817 1236 quisquam
832 1153 895 1218 nisi
910 1153 1154 1220 Boekemueller
1169 1153 1309 1236 amptius

176 1253 254 1336 epit„
298 1253 328 1318 Is
349 1254 436 1320 enim
462 1260 627 1321 commate
649 1261 738 1338 post·
757 1275 864 1337 supra
886 1257 1030 1321 distinxit
1052 1258 1309 1339 locumpermn·
1432 1278 1435 1283 ·

177 1356 518 1449 niceinterpretntus:
541 1357 649 1447 tenkte
671 1358 786 1424 seinen
808 1358 892 1425 Laui
909 1359 1101 1426 absichtlioh
1224 1361 1309 1425 neoh

177 1460 272 1531 einer
303 1459 448 1526 anderen
478 1456 566 1526 Seite
587 1459 806 1544 abspringend
828 1481 893 1528 von
915 1462 979 1530 den
1002 1464 1148 1548 Kdrpern
1171 1462 1223 1544 ab,
1246 1482 1311 1547 qua

178 1562 441 1643 interpunctione
462 1562 554 1628 loeus
576 1552 682 1646 aptius
704 1564 757 1629 edi
772 1564 851 1629 mihi
868 1564 1003 1630 videtur.
1047 1566 1131 1631 Nam
1146 1572 1310 1631 commate

178 1671 256 1747 post
278 1664 468 1746 semoribus
493 1666 601 1749 posito
628 1665 818 1748 corporibus
845 1687 906 1750 pro
928 1668 1070 1734 ablativo
1092 1668 1157 1734 loci
1179 1675 1228 1734 est
1251 1687 1311 1750 pu·

178 1768 327 1849 tondum,
353 1768 441 1852 quod
470 1775 502 1835 e't
529 1768 645 1851 durum
672 1776 704 1835 et
726 1778 841 1852 parum
865 1770 1092 1838 Lucretianum
1114 1777 1174 1836 est
1217 1770 1311 1851 Quod

179 1870 537 1945 siBockemnetterum
570 1873 747 1956 sequimur,
777 1872 971 1955 eoipoeiius
1002 1874 1044 1939 ed
1071 1871 1171 1939 verba
1192 1872 1313 1954 procui

181 1972 361 2056 opsitieout
390 1973 551 2042 referetur
579 1994 715 2043 neeesse
748 1982 812 2042 est·
851 1977 934 2042 Nem
970 1976 1142 2043 Lueretius·
1158 1993 1258 2058 saepe
1279 1981 1312 2040 et

180 2075 282 2143 verbo
316 2096 383 2143 non
416 2078 626 2144 cohaerentia
659 2114 704 2124 —
732 2097 869 2160 uespera
892 2087 924 2145 et
947 2077 1136 2160 corporibus
1157 2114 1201 2126 -
1223 2080 1312 2143 iuxta

179 2179 284 2262 ponit,
318 2179 451 2264 deque
476 2198 512 2246 re
540 2181 608 2263 opit
635 2180 751 2247 Munro
774 2180 799 2245 ΙΙ
822 2182 864 2247 ad
887 2181 994 2262 1875,
1017 2189 1050 2248 et
1071 2180 1172 2249 verbe
1194 2181 1312 2248 eoha'e

179 2283 291 2351 tentis
319 2283 463 2366 seponit;
496 2282 545 2350 cfr
570 2283 686 2350 Munro
708 2284 734 2348 11
755 2284 797 2350 ed
818 2284 845 2349 11
867 2286 939 2351 250.
983 2285 1067 2366 Quia
1084 2283 1206 2368 procui
1226 2283 1313 2367 apud

181 2384 365 2453 Lucretium
397 2386 480 2453 alies
505 2387 568 2453 nisi
590 2406 663 2453 eum
688 2387 830 2454 ablativo
854 2387 952 2452 dubio
975 2389 1061 2455 nude
1083 2408 1150 2454 non
1172 2388 1312 2471 ponitur,

181 2490 345 2557 ablativus
377 2491 507 2574 proprie
535 2490 577 2557 de
604 2491 704 2557 verbo
737 2491 827 2556 finito
849 2491 978 2573 pendet,
1002 2491 1053 2558 cui
1070 2490 1193 2573 procui
1214 2489 1314 2556 abun-

183 2593 303 2660 danter
323 2592 465 2673 additur3
488 2592 536 2659 cir
551 2593 760 2660 Kraetsehius
774 2614 803 2677 p.
819 2597 860 2659 06
876 2613 946 2678 sqq.
969 2593 1172 2677 Praepositio
1187 2591 1226 2657 in
1240 2610 1314 2657 see-

182 2698 319 2780 pissime
351 2698 493 2763 oeeurrit
523 2697 610 2762 velut
631 2696 671 2761 111
694 2698 754 2762 13⁶3
778 2696 851 2762 Sed.
867 2701 970 2779 eaput
991 2716 1059 2760 esse
1082 2693 1181 2776 qnasi
1204 2698 1236 2759 et
1256 2695 1313 2759 eto·

183 2798 312 2867 minari
332 2797 372 2865 in
393 2802 527 2882 corpore
551 2803 614 2864 toto
638 2798 838 2879 Consilium
861 2801 922 2866 227
947 2798 1029 2880 qnia
1043 2798 1150 2862 mette
1164 2796 1314 2863 minuto-

184 2924 248 2985 que
269 2901 402 2969 semino
420 2924 523 2968 sucos
549 2902 719 2985 Effieiunt
740 2907 772 2968 et
792 2903 923 2968 odorem
944 2901 983 2967 in
1006 2905 1068 2966 toto
1092 2921 1225 2982 sospem
1248 2901 1313 2979 rei:

184 3009 248 3074 ute
270 3006 297 3073 s.
320 3025 350 3072 v,
370 3005 551 3071 membrum
557 3027 570 3087 ;
593 3008 657 3074 199
680 3005 794 3086 Quare
896 3005 1039 3088 petiisse
1054 3007 1218 3070 necessest
1232 3003 1314 3070 Con·

183 3108 301 3189 fiteure
323 3106 474 3174 enimam
504 3107 699 3174 distractam
726 3108 765 3174 in
787 3114 921 3191 corpore
955 3112 1032 3189 totu·
1062 3107 1103 3174 1v
1130 3108 1191 3174 887
1220 3106 1313 3192 Erpo

184 3210 321 3279 animm
428 3210 508 3291 terit
529 3211 688 3293 entempte
711 3230 798 3292 qnae
819 3209 858 3276 in
877 3231 1010 3293 eorpew
1026 3213 1088 3274 toto
1186 3202 1314 3275 enimet

185 3312 305 3380 desita
325 3312 375 3378 uis
398 3316 495 3386 estu.

287 3416 462 3484 Praeterea
495 3418 701 3484 adnotandus
734 3425 784 3484 est
816 3436 895 3482 usus
921 3416 1054 3483 ablativi
1079 3415 1187 3481 inesse
1214 3416 1314 3482 verbo

185 3520 355 3604 adscripti:
388 3519 487 3586 1590
513 3519 626 3585 venae
661 3519 808 3585 eotuues
835 3523 874 3583 ut
901 3518 936 3585 in
961 3518 1077 3585 ordine
1100 3522 1238 3584 sunctae
1262 3517 1314 3581 Os-

187 3621 331 3688 undam
361 3620 512 3687 maculas
546 3621 714 3707 petieratis
748 3641 923 3703 torpore
955 3621 1079 3702 inesse·
1111 3620 1151 3685 ΙΙΙ
1183 3622 1248 3688 634
1269 3619 1316 3684 Et

186 3722 347 3806 quoniam
374 3728 457 3789 teto
483 3725 646 3791 sentimus
673 3745 851 3807 serpere
878 3724 985 3790 inesse
1008 3723 1146 3788 Vitetem
1168 3743 1333 3788 sensum.-

186 3810 311 3895 'cotem
337 3828 431 3894 loeis:
453 3828 492 3893 111
515 3832 599 3895 1054
620 3828 766 3909 proinde
790 3826 973 3893 assentire
996 3827 1154 3892 videntur
1174 3825 1315 3890 Pondus

186 3928 294 3996 inesse
315 3928 446 4009 anime·
468 3930 510 3995 Vl
531 3931 595 3996 984
621 3929 752 4012 Quippe
776 3929 896 3995 etenim
916 3927 1003 3994 uarii
1024 3948 1143 3993 sensus
1160 3926 1315 3993 animen-

189 4029 508 4113 tessimonium
536 4034 705 4099 diiudicari
732 4052 798 4098 non
825 4039 932 4116 potest
959 4039 1067 4098 utrum
1090 4030 1251 4095 ablativus
1274 4030 1315 4095 sit

288 4256 309 4321 ¹)
327 4254 375 4307 ce
391 4254 582 4308 Hertzius
600 4271 626 4323 p.
645 4256 687 4307 61,
