2964 4890
1221 237 1263 300 43

114 482 116 487 ,
174 423 247 485 mit:
274 422 300 485 Π
326 424 389 488 359
422 422 467 485 At
497 425 603 485 meter
625 421 817 485 ···cr·ebro
850 421 965 485 revisit
993 422 1047 485 Ad
1069 424 1237 488 stabolum
1246 427 1306 488 :V

174 528 241 591 636
265 525 309 588 ad
331 524 418 588 bunc
441 523 522 603 qut'o
544 523 645 606 siquo
666 523 826 587 revisant.

280 633 407 691 volvere
429 633 464 690 ut
486 626 527 691 ab
551 626 619 690 aliis
642 625 861 707 scriptoribus,
884 627 929 690 ita
952 645 972 690 a
994 626 1142 692 Lucretio
1164 629 1306 693 intrans-

174 732 253 794 itive
287 738 471 810 usurpatur:
505 730 533 794 V
555 730 613 793 931
641 728 820 806 Multoque
838 748 903 808 per
925 728 1053 792 caelum
1075 730 1153 793 solis
1175 731 1305 795 volbert-

175 833 224 896 tt'u
248 833 355 896 lustro
377 868 383 879 ·
402 867 409 879 ·
431 831 533 895 vitum
558 830 754 895 tractabunt.

280 935 368 999 Haec
405 935 553 1016 exempla
586 935 818 1016 perlustrantes
852 953 892 997 ea
925 952 961 997 re
996 936 1134 998 maxime
1172 935 1305 999 offendi-

175 1057 256 1111 mur,
293 1038 379 1118 quod
412 1038 579 1102 Lucretius
612 1036 774 1100 infinitivis
808 1038 987 1117 praesentis
1015 1039 1110 1100 activi
1134 1037 1305 1101 verborum

174 1160 261 1222 quae
298 1141 463 1205 transitive
496 1142 573 1222 poni
606 1141 712 1204 solent
748 1141 983 1204 intransitivam
1018 1141 1080 1203 vim
1115 1142 1305 1224 saepissime

173 1244 354 1324 adscripsit.
398 1243 509 1325 Neque
544 1241 715 1307 defuerunt
738 1244 791 1323 qui
813 1240 958 1306 infinitivi
981 1245 1161 1324 praesentis
1184 1244 1305 1308 formas

172 1348 207 1409 in
230 1347 276 1407 -d
299 1353 332 1410 et
348 1333 391 1408 -ἶ
416 1353 570 1410 exeuntes
598 1346 746 1427 primitus
777 1353 931 1409 accurate
962 1346 1130 1410 distinctas
1154 1365 1225 1411 esse
1248 1364 1304 1410 ne-

173 1456 290 1530 garent
303 1452 337 1530 ¹).
383 1448 421 1512 Et
443 1449 619 1528 Lucretius
644 1468 717 1511 cum
741 1447 862 1511 formas
884 1449 917 1510 in
933 1437 981 1511 -ἷ
1008 1450 1191 1513 desinentes
1214 1449 1304 1514 nullo

173 1550 274 1614 modo
295 1552 470 1628 evitaverit,
493 1550 666 1614 infinitivos
680 1551 714 1613 in
725 1587 740 1596 -
751 1550 800 1613 ier
813 1549 964 1613 dilatatos
979 1551 1117 1615 maxime
1131 1552 1303 1631 adamavit,

174 1673 259 1734 quos
282 1660 414 1736 propter
436 1661 574 1718 metrum
599 1659 774 1734 usurpatos
796 1671 868 1716 esse
891 1653 941 1716 vel
964 1654 1039 1717 inde
1055 1663 1199 1735 apparet,
1218 1655 1305 1736 quod

173 1775 306 1837 semper
326 1763 402 1821 ante
425 1774 540 1820 vocem
563 1756 666 1819 vocali
689 1756 894 1836 incipientem
917 1765 1093 1819 occurrunt
1113 1766 1145 1820 et
1156 1756 1222 1822 sere
1234 1757 1304 1822 ubi-

172 1878 238 1940 que
261 1860 303 1922 ad
326 1860 471 1940 quintum
494 1859 610 1940 pedem
633 1858 826 1939 explendum
849 1867 1014 1938 ponuntur
1025 1860 1060 1941 2).
1093 1860 1205 1940 Neque
1237 1878 1304 1923 me-

171 1963 214 2025 tri
249 1963 475 2026 necessitatem
511 1961 552 2025 ad
575 1959 696 2024 formas
718 1962 750 2024 in
774 1962 822 2023 -e
846 1968 1000 2025 exeuntes
1022 1962 1222 2025 intransitive
1246 1980 1305 2043 po-

172 2066 300 2129 nendas
322 2084 388 2129 non
411 2065 550 2128 valuisse
573 2083 612 2128 ex
635 2083 674 2127 eo
698 2064 802 2144 colligi
824 2070 941 2144 potest,
966 2065 1052 2144 quod
1069 2082 1304 2145 saepenumero

173 2177 251 2232 ante
275 2187 391 2232 vocem
414 2170 519 2232 littera
542 2168 736 2231 consonanti
757 2167 964 2247 incipientem
986 2167 1199 2230 inveniuntur.
1242 2168 1305 2231 Ne·

173 2291 238 2353 que
261 2272 347 2336 hunc
370 2291 464 2336 usum
489 2272 721 2336 sententiarum
748 2271 968 2351 perspicuitati
991 2271 1184 2335 detrimento
1207 2272 1304 2335 luisse

172 2375 331 2438 videmus.
375 2374 442 2438 lam
475 2373 742 2437 Reichenhartins
776 2373 870 2453 apud
891 2373 1082 2449 Lucretium,
1106 2373 1162 2437 ubi
1186 2374 1225 2437 de
1249 2393 1304 2438 ac-

172 2478 322 2541 cusativo
349 2496 423 2540 cum
446 2475 601 2539 infinitivo
625 2477 699 2556 agit,
722 2495 751 2556 p.
775 2475 948 2540 mersere
972 2477 1199 2541 animadvertit
1222 2496 1304 2541 con-

172 2588 225 2643 tra
260 2579 454 2660 optimorum
489 2579 686 2659 scriptorum
708 2596 858 2641 normam
881 2579 1036 2642 infinitivo
1060 2589 1092 2643 et
1115 2579 1250 2643 subiecti
1273 2589 1304 2643 et

174 2682 296 2747 obiecti
329 2683 550 2745 accusativum
584 2681 692 2744 multis
725 2682 805 2745 locis
834 2683 974 2764 adiungi,
998 2682 1052 2746 ubi
1075 2689 1209 2767 propter
1232 2702 1304 2746 ver-

172 2785 252 2849 bum
288 2786 522 2849 intransitivum
557 2785 608 2849 vel
630 2786 796 2866 passivum
819 2787 905 2867 quod
928 2786 1089 2850 antecedit
1112 2787 1198 2850 nulla
1221 2787 1303 2849 exsi-

173 2895 241 2952 stat
274 2887 476 2968 ambiguitas,
507 2888 539 2951 id
573 2889 660 2970 qnod
694 2890 825 2952 mutatis
852 2889 1015 2952 mutandis
1038 2890 1069 2951 in
1094 2889 1184 2952 locos
1206 2907 1304 2970 supra

173 2991 293 3054 allatos
326 2991 422 3070 cadit,
450 2992 525 3072 quia
549 2991 647 3056 verba
670 2992 709 3056 de
733 2990 849 3072 quibus
872 2993 976 3072 agitur
998 2992 1064 3056 sere
1088 2991 1207 3072 ubique
1230 3010 1302 3055 cnm

174 3091 283 3158 verbis
317 3094 526 3158 intransitivis
559 3102 591 3158 et
624 3095 760 3175 passivis
783 3094 992 3158 collocantur.
1038 3093 1144 3173 Quare
1167 3094 1239 3158 loco
1263 3094 1304 3158 ab

174 3196 353 3262 editoribus
377 3199 516 3288 manime
539 3205 656 3262 vexato
680 3199 734 3280 qni
756 3206 805 3262 est
820 3199 844 3261 ll
857 3202 919 3262 rto·
932 3217 1001 3280 sqq.
1015 3216 1080 3261 non
1093 3196 1214 3276 dubito,
1228 3199 1304 3279 quin

174 3300 326 3364 codicum
350 3302 509 3382 scriptura
532 3300 691 3382 depellere
715 3320 787 3365 cum
812 3302 963 3382 Briegero
986 3301 1147 3365 servanda
1169 3301 1222 3379 sit3
1240 3319 1304 3382 quo

174 3403 216 3467 de
250 3403 323 3466 loco
350 3410 465 3485 postea
493 3404 593 3468 susius
616 3423 719 3484 agam.
764 3404 844 3468 Tum
868 3406 1016 3486 quaestio
1041 3405 1150 3478 oritur,
1174 3411 1304 3467 rectene

175 3505 326 3569 codicum
357 3507 565 3588 scripturae.
589 3527 633 3587 gr.
654 3507 693 3570 lll
714 3510 773 3571 bil
793 3528 927 3571 movere
950 3515 982 3571 et
1005 3507 1045 3570 Vl
1068 3509 1130 3570 292
1153 3526 1304 3569 revocure

175 3607 219 3672 ab
254 3608 429 3672 editoribus
462 3611 495 3672 in
528 3611 674 3690 passivas
703 3609 824 3674 formas
846 3617 972 3674 mutata
994 3612 1047 3688 sit3
1071 3629 1146 3673 nam
1170 3628 1303 3690 praece-

174 3712 257 3774 dunt
291 3710 415 3776 formae
448 3713 606 3793 passivae,
641 3711 756 3794 quibus
792 3715 952 3777 sententia
985 3714 1063 3776 satis
1098 3711 1234 3775 dilucida
1262 3711 1304 3774 fit.

176 3814 330 3878 Ceterum
364 3814 432 3878 fieri
465 3817 579 3897 potuit,
602 3822 638 3879 ut
670 3816 703 3878 hi
724 3815 869 3879 infinitivi
891 3817 923 3879 in
947 3814 1003 3878 -ei
1027 3815 1159 3893 exirent,
1184 3813 1304 3895 quodi

281 4054 301 4118 ¹)
322 4051 370 4104 cfr
389 4052 536 4106 Stolzins
556 4053 602 4107 Gr.
620 4070 645 4120 p.
665 4054 715 4106 379
734 4068 791 4120 sqq.

280 4139 302 4205 ²)
319 4137 366 4190 Cfr
384 4138 530 4192 Prollius
548 4156 574 4207 p.
594 4141 626 4191 34
645 4155 692 4207 sq,
711 4138 960 4192 Bouterwekius
978 4152 1004 4203 p.
1024 4137 1064 4190 35.
