2964 4890
223 232 281 295 106

177 419 267 483 nales
299 426 463 500 respuunt.
508 421 620 498 Qua
612 440 643 483 m
678 439 713 484 re
746 420 788 485 ab
811 439 930 485 aureae
953 440 992 485 ae
993 421 1069 484 tatis
1092 421 1191 500 script
1178 418 1303 483 toribus

176 523 220 586 ita
243 523 370 585 exculta
392 529 441 586 est
464 524 622 600 oratio‚u
624 523 764 587 tverbis
788 543 862 588 cum
886 523 931 586 333
954 523 993 586 333
978 544 1057 586 333
1078 523 1115 586 333
1135 522 1195 586 33333
1212 541 1302 587 com-

176 625 297 706 positis,
332 624 386 689 ubi
418 625 529 689 localis
562 626 652 690 relat'
630 634 675 689 t1o
709 633 819 707 aperte
788 625 1060 705 tindicaretur,
1095 625 1301 706 praepositio

177 746 260 809 quae
295 726 393 792 verbo
427 727 568 808 praefixa
602 736 651 792 est
685 729 752 793 sive
781 729 882 793 altera
904 729 1037 793 notione
1059 729 1088 792 ei
1110 729 1301 809 propinqua.

176 838 402 912 apponeretur,
425 831 552 894 dativus
574 850 662 909 vero,
687 832 712 894 si
736 831 870 896 verbum
893 833 1052 896 translata
1069 831 1302 912 significatione

176 940 365 1014 usurpatum
399 941 478 1012 erat,
513 933 715 1014 potissimum
750 934 965 999 adhiberetur.
1009 933 1214 1014 Quamquam
1238 933 1300 996 iam

177 1036 264 1117 apud
286 1037 426 1118 optimos
449 1037 622 1117 scriptores
645 1038 919 1118 praepositionum
941 1038 1013 1101 usui
1029 1038 1165 1100 multum
1176 1036 1302 1101 detrac-

175 1147 244 1203 tum
279 1157 350 1203 esse
383 1140 569 1220 reperimus.
614 1140 664 1203 Ab
698 1141 757 1204 illis
790 1141 988 1222 aliquantum
1014 1137 1160 1203 differunt
1185 1145 1302 1220 poetae

175 1243 435 1323 recentioresque
469 1244 651 1323 scriptores,
677 1245 795 1325 quippe
819 1243 872 1325 qui
895 1244 1039 1308 dativum
1062 1242 1184 1306 iteratis
1208 1260 1301 1323 prae-

175 1344 387 1425 positionibus
410 1345 601 1425 praeferant.

276 1448 388 1529 Neque
411 1450 524 1512 mirum
549 1457 608 1529 est,
633 1450 720 1531 quod
743 1450 919 1529 Lucretius
943 1457 979 1513 ut
1000 1456 1071 1513 erat
1094 1455 1126 1512 et
1148 1450 1302 1529 antiquae

175 1552 346 1615 locutionis
379 1553 542 1617 studiosus
576 1560 607 1617 et
630 1554 701 1634 puri
724 1562 822 1634 atque
845 1553 959 1634 integri
982 1553 1141 1617 sermonis
1164 1558 1300 1628 amator,

175 1655 327 1733 dativum,
363 1656 488 1720 etiamsi
522 1656 632 1720 localis
666 1656 806 1720 indicata
840 1662 889 1719 est
922 1656 1022 1734 notio,
1055 1673 1153 1736 saepe
1187 1657 1300 1736 posuit.

175 1759 281 1838 Quare
311 1767 346 1821 ut
379 1759 549 1823 ostendam
584 1778 648 1840 qua
676 1760 726 1823 ille
748 1760 874 1823 ratione
897 1759 996 1823 verba
1018 1760 1201 1840 composita
1223 1778 1300 1823 con-

175 1862 334 1941 struxerit,
368 1863 477 1926 omnia
511 1863 658 1943 exempla
690 1862 745 1925 ubi
768 1861 874 1926 verbis
897 1862 964 1925 sive
987 1862 1093 1925 nudus
1115 1880 1213 1926 casus
1235 1862 1301 1926 sive

174 1964 370 2045 praepositio
393 1983 465 2028 cum
491 1983 569 2029 casu
588 1965 763 2028 coniuncta
783 1964 975 2028 adscribitur
997 1964 1169 2045 proferam,
1187 1984 1300 2046 quaru-

174 2067 222 2129 vis
244 2066 286 2129 ab
309 2067 378 2130 aliis
400 2067 462 2130 hae
484 2086 536 2131 res
558 2066 733 2130 admodum
757 2067 935 2130 luculenter
946 2067 1009 2129 sint
1020 2072 1188 2131 tractatae.
1223 2067 1300 2132 Sae-

174 2169 304 2250 pissime
337 2170 464 2234 dativus
497 2170 728 2250 acquisitionis,
752 2170 864 2250 paucis
887 2170 966 2233 locis
989 2169 1116 2234 dativus
1138 2171 1299 2234 commodi

174 2272 224 2336 vel
246 2273 444 2337 incommodi
466 2273 656 2336 statuendus
679 2280 736 2336 est.

275 2374 369 2455 Apud
392 2376 573 2440 Lucretium
597 2377 679 2440 haec
698 2376 901 2457 reperiuntur
911 2375 1011 2441 vorba
1024 2394 1107 2456 quae
1120 2395 1195 2440 cum
1208 2395 1299 2458 prae-

176 2477 388 2559 positionibus
411 2480 592 2560 composita
615 2480 734 2560 sunu).

716 2634 760 2697 ud

276 2718 400 2783 Verba
421 2720 675 2785 intransitiva.

276 2825 425 2886 accidere.
455 2823 493 2886 111
527 2825 590 2888 840
620 2822 758 2902 Scilicet,
738 2821 897 3005 3321333333
896 2843 920 2887 n
927 2822 1061 2886 333333
1030 2822 1220 2904 quicquum.
1244 2822 1300 2903 qui

174 2923 399 2989 quarteriorum
434 2929 512 3006 33,333
547 2925 624 2990 Arri
626 2926 702 2989 3333
730 2946 780 2989 333
782 2946 864 2989 333
897 2924 1022 3001 3333333;
1045 2927 1108 2991 862
1131 2926 1193 2990 3333
1216 2926 1298 2990 33333

170 3027 276 3108 possit
264 3027 384 3092 ttici
386 3029 479 3092 33333·
512 3029 553 3092 lV
586 3029 643 3092 881
676 3027 759 3091 Dirc
785 3027 911 3092 333333
935 3028 1213 3107 33333333333333
1204 3051 1233 3093 33
1258 3028 1298 3092 33·

173 3129 321 3193 3333333333
345 3129 480 3194 33333333
504 3129 675 3208 Accidere·
698 3131 726 3194 V
748 3133 787 3196 97
813 3130 880 3195 Ner
901 3152 951 3194 333
975 3129 1080 3195 333333
1096 3130 1296 3212 3333333333

173 3252 225 3296 333
247 3252 335 3296 3333
357 3231 508 3311 miroque
531 3236 648 3296 33333
639 3232 749 3297 Α333
752 3233 826 3299 333
799 3236 909 3298 tlil
931 3254 991 3297 333
981 3233 1059 3298 333
1075 3234 1196 3298 33333333
1211 3255 1297 3318 aequ

175 3333 376 3414 Tempore'
366 3355 402 3398 33
436 3354 482 3398 333
486 3337 514 3397 33
548 3338 628 3399 33.
673 3335 719 3399 De
754 3337 870 3400 ceteris
904 3336 998 3400 huius
1020 3336 1109 3401 verbi
1132 3337 1299 3402 structuris

172 3438 236 3501 iam
260 3437 362 3520 egip
385 3439 425 3502 27
449 3457 495 3518 sq.

276 3541 404 3604 ⁰adease.
427 3541 523 3606 1338
546 3541 582 3605 333
603 3540 641 3606 33
665 3542 754 3606 3333333
779 3546 920 3623 tempora
948 3543 1077 3607 33333333
1097 3542 1160 3609 033
1169 3543 1300 3621 nunu,-

173 3643 201 3706 V
227 3643 308 3708 1405
330 3642 378 3706 Et
400 3643 660 3726 3333333333333
683 3644 760 3710 13333
784 3645 1063 3710 333333333333333
1079 3646 1197 3711 3333333.
1232 3647 1299 3711 Hoc

172 3747 245 3810 loco
279 3745 316 3810 33
349 3766 424 3810 cum
458 3746 598 3812 ablativo
621 3748 760 3812 additur:
783 3749 824 3812 IV
847 3747 976 3814 8333133
1000 3748 1155 3813 3333333333
1179 3748 1300 3812 3333333

172 3848 282 3928 suctus
304 3848 458 3912 3333333333·
481 3851 603 3915 33333333.

275 4056 297 4121 ¹)
325 4053 390 4106 Cum
418 4053 535 4120 plurima
557 4055 655 4107 horum
673 4055 817 4108 verborum
836 4061 939 4108 mot-um
959 4055 1123 4123 exprimant,
1143 4057 1225 4110 verba
1243 4057 1299 4124 qui-

173 4140 225 4192 bus
243 4140 344 4207 quietis
363 4141 432 4193 inest
451 4141 526 4194 notio
544 4140 594 4194 hoc
612 4141 715 4208 sign0⁰
733 4147 829 4194 notare
847 4142 914 4194 satis
932 4140 1026 4193 habui.
