2964 4890
215 223 257 285 72

173 410 227 473 ciii
259 409 340 490 sorti
368 432 531 493 persaepe
554 411 657 491 ficere.
682 451 723 458 -
746 414 854 479 {1643
881 418 917 477 ut
937 449 943 461 ·
964 448 995 462 ··
1018 412 1308 493 Proecidioqeee

170 517 296 594 pererit
318 513 524 593 decorique
541 515 779 595 perentibus
803 537 880 580 ecce.

277 620 389 680 iacere.
418 617 446 681 V
468 620 530 683 875
554 617 686 682 Scilicet
707 618 785 682 lutee
809 618 901 682 ollis
919 619 1095 699 pvueedce
1118 619 1308 697 lucroque

175 718 335 783 lucebunt.

276 822 346 887 Huc
373 824 499 888 accedit
522 825 609 905 quod
630 824 694 888 *lV
717 829 767 904 51,
791 823 846 888 ubi
869 824 1106 903 Lachmannm,
1130 843 1228 905 quem
1251 843 1306 888 se-

174 931 316 1006 quuntur
348 925 542 1008 Bernaysius
576 934 608 991 et
630 927 772 1008 Brieger,
796 947 814 992 e
836 928 941 991 Nonio
966 926 1060 1005 Qeirie
1083 926 1182 1006 quusi
1204 948 1305 991 ocem-

174 1027 300 1092 bruuue
327 1029 378 1092 cel
400 1034 510 1093 rortec
531 1030 801 1095 rioiiiiuituudost
822 1031 949 1112 scripsit
972 1030 1120 1094 codicum
1143 1030 1306 1110 scriptura

174 1130 232 1209 qui
265 1132 298 1194 in
332 1152 417 1210 quoe
450 1139 585 1212 mutata,
618 1134 744 1214 blunro,
779 1153 851 1198 cum
887 1133 1087 1197 Lachmanni
1115 1132 1306 1196 coniectura

174 1233 403 1298 soloecismum
437 1236 512 1298 oriri
534 1243 672 1316 putaret,
697 1236 775 1316 quoi
798 1236 896 1316 quusi
918 1234 1140 1314 meridianae,
1163 1234 1213 1298 cel
1236 1255 1305 1298 ror-

176 1339 230 1398 teu
250 1335 520 1401 uoiiiiuituudoet
541 1339 638 1402 edidit
660 1339 772 1403 dicens
795 1345 826 1403 et
850 1337 927 1418 quoi
949 1357 993 1401 sc.
1013 1338 1142 1418 corpori
1157 1343 1190 1401 et
1204 1357 1303 1400 uceci-

175 1437 301 1503 lrouuc
334 1440 460 1504 dativos
493 1460 575 1521 esse,
610 1444 764 1523 quoniam
798 1441 979 1506 subiectum
1007 1440 1179 1521 primariae
1203 1458 1304 1503 enun-

174 1542 316 1605 tiationis
350 1541 457 1626 increpo
485 1563 616 1609 emere
651 1545 789 1609 Lucretii
811 1546 842 1608 in
866 1543 1059 1607 secundaria
1082 1543 1305 1606 enuntiatione

174 1646 316 1726 positum
339 1647 388 1709 sit.
424 1645 488 1710 Sed
512 1666 586 1710 cum
610 1667 649 1711 ex
672 1649 859 1713 coniectura
880 1647 1047 1710 Munronis
1069 1646 1169 1708 durus
1191 1644 1304 1709 admo-

176 1747 251 1810 dum
285 1749 419 1812 exsistat
451 1749 624 1813 verborum
659 1770 834 1828 connexuS,
859 1769 986 1814 versum
1011 1748 1116 1829 aptius
1142 1749 1189 1811 ita
1209 1747 1304 1812 resti-

175 1850 331 1913 tuendum
354 1870 426 1915 esse
449 1853 595 1933 equidem
623 1872 756 1918 censeo:
781 1852 834 1916 cui
858 1851 964 1934 (quoi)
989 1849 1086 1931 quusi
1108 1849 1305 1914 oiembrouo
1331 1895 1335 1922 2

176 1957 224 2015 cst
244 1952 295 2016 oel
317 1957 427 2017 rorteoe
449 1954 686 2019 uovuiuitcrulo
709 1957 726 2018 i.
750 1974 777 2019 e.
802 1956 893 2018 euius
916 1954 1062 2035 corporis
1085 1953 1178 2035 quasi
1200 1971 1304 2016 mem-

175 2055 278 2119 brana
311 2058 361 2120 vel
395 2065 506 2122 cortex
541 2059 764 2122 nominitanda
797 2066 853 2121 est.
897 2058 980 2121 Nam
1012 2057 1139 2120 dativus
1162 2053 1226 2135 eui,
1250 2055 1305 2136 qui

175 2177 272 2222 casus
295 2160 327 2222 in
351 2160 515 2223 codicibus
539 2160 597 2239 qui
620 2161 716 2225 scribi
739 2161 851 2241 potuit,
875 2178 974 2240 saepe
986 2159 1027 2223 ad
1039 2158 1178 2238 genetivi
1193 2158 1303 2222 simili-

174 2261 319 2325 tudinem
353 2263 513 2327 accedens
535 2265 567 2326 in
591 2264 680 2327 initio
703 2282 816 2327 versus
839 2263 982 2328 occurrit
1004 2268 1036 2326 et
1058 2263 1182 2325 litterae
1205 2260 1304 2342 inpri-

176 2365 236 2426 mis
269 2369 317 2427 est
346 2366 435 2428 vocis
457 2367 489 2428 in
513 2365 599 2429 libris
622 2367 851 2447 manuscriptis
873 2366 960 2429 haud
981 2384 1056 2429 raro
1080 2366 1176 2428 variis
1199 2364 1304 2427 modis

175 2473 440 2548 transponuntur,
475 2488 539 2549 qua
571 2469 611 2533 de
644 2488 680 2533 re
709 2470 818 2532 videas
845 2469 1090 2532 Lachmannum
1112 2466 1238 2531 Comm.
1262 2466 1303 2530 ad

175 2570 295 2635 11275.

278 2673 379 2737 Valde
412 2674 554 2738 incertus
588 2681 637 2738 est
670 2675 796 2739 dativus
820 2676 1007 2738 coniectura
1029 2673 1229 2737 Lachmanni
1250 2691 1304 2736 or·

175 2783 228 2839 tus
243 2776 295 2841 *V
316 2778 392 2842 1267
408 2777 572 2856 siluasque
585 2777 625 2840 ut
638 2779 772 2842 euellere
780 2782 919 2858 posceret
929 2775 1171 2855 Materiemque
1183 2776 1205 2839 d
1211 2797 1302 2856 orric,

178 2879 285 2943 leo-ore
319 2900 357 2943 oc
390 2881 507 2944 rudere
543 2880 646 2963 liquo,
681 2880 735 2944 ubi
768 2881 897 2944 codices
919 2879 1154 2957 ureterieurque
1178 2878 1306 2941 doloret

178 2981 285 3045 levore
320 3003 357 3046 uc
389 2984 508 3047 rodere
532 2983 626 3065 tipice
649 2982 810 3062 exhibent,
835 3003 918 3064 quae
941 2983 1041 3047 verba
1063 2980 1105 3045 ab
1128 2980 1302 3045 editoribus

176 3087 265 3149 varie
287 3086 509 3149 emendantur.
555 3087 753 3167 Scripturam
778 3086 976 3149 Lachmanni
999 3083 1137 3165 probant
1162 3085 1302 3165 bernay-

176 3191 242 3253 sius
276 3195 309 3252 et
341 3190 480 3270 Brieger,
514 3189 628 3253 Munro
662 3208 739 3253 vero
773 3189 897 3252 Marulli
920 3188 1181 3253 emendationem
1203 3190 1302 3250 mct-

176 3292 323 3371 riemque
358 3292 470 3355 dolore
493 3296 524 3355 et
547 3291 632 3355 leciri
654 3293 772 3356 vuilere
796 3292 891 3373 liquo
913 3291 1095 3356 facillimam
1120 3308 1192 3353 esse
1213 3297 1303 3354 ratus

175 3402 264 3461 recte
286 3394 424 3459 fortasse
447 3396 575 3476 recepit.

280 3498 361 3561 Tum
384 3499 527 3562 dativum
549 3498 694 3578 gerundii
717 3499 767 3563 vel
788 3498 955 3579 gerundivi
977 3496 1130 3560 adfinem
1146 3496 1193 3559 rei
1209 3513 1304 3576 agen·

177 3602 237 3665 dae
271 3601 514 3681 exprimendum
542 3603 715 3682 praecipue
739 3622 806 3664 ecco
828 3600 928 3665 verbo
952 3601 1134 3681 appositum
1158 3617 1178 3662 a
1201 3598 1304 3680 poetis

177 3706 325 3786 usurpari
358 3705 501 3769 nonnulli
535 3711 677 3769 monent.
724 3705 842 3768 Verum
870 3722 953 3785 quae
976 3701 1123 3782 exempla
1146 3719 1164 3764 e
1187 3701 1305 3765 Lucre-

175 3809 221 3872 tio
251 3808 277 3891 (l
308 3810 366 3872 184
392 3814 425 3871 et
450 3807 476 3870 ll
503 3808 578 3888 855)
609 3809 707 3872 allata
739 3814 814 3870 sunt
841 3806 882 3871 ab
911 3807 1073 3870 Antoineo
1105 3825 1134 3885 p.
1168 3805 1238 3884 14⁶2,
1266 3822 1305 3867 ea

177 3910 331 3993 quoniam
364 3928 430 3973 non
457 3908 568 3974 dubito
592 3912 668 3991 quin
691 3911 783 3974 aliter
805 3911 868 3973 sint
890 3909 1079 3990 explicanda
1101 3914 1217 3988 postea
1239 3905 1304 3969 suis

176 4013 256 4078 loeis
278 4011 428 4076 adieram.
