2964 4890
309 310 349 375 16

366 520 475 578 mutua
520 511 561 578 lV
583 514 648 579 392
672 516 704 577 et
725 512 912 577 adsiduo
934 516 1018 579 eunt
1038 512 1152 579 omnic
1175 517 1297 579 motu.
1334 514 1412 581 Ab·

264 614 398 682 latinum
420 615 484 682 loci
505 615 618 680 statuit
639 614 754 681 Munro
776 634 974 698 comparans
988 615 1000 680 l
1016 616 1080 683 995
1101 615 1240 699 Semper
1253 615 1294 682 ire
1310 616 1410 682 adai-

264 718 447 783 cremata
469 739 522 783 ree
543 737 696 798 preceque
708 720 886 801 permar
907 716 1107 783 Pertibrtce
1129 718 1269 801 merentia,
1286 738 1411 787 verum

265 821 308 886 ad
329 820 608 887 instrumentalem
632 838 764 885 sensum
787 819 920 885 ablativi
949 820 1124 887 comitatus
1144 836 1248 907 prope
1271 822 1416 889 accedit

265 923 319 988 illo
343 924 415 989 loco
438 924 523 988 sicut
543 921 585 986 VI
611 922 693 987 1038
709 921 780 986 Hie
801 920 907 1005 ipitur
927 940 978 971 ····
1000 930 1059 987 adr
1074 921 1413 989 Sollicito-metu-

263 1046 394 1109 semper
418 1025 565 1090 iactetur
592 1044 693 1105 eoque
729 1023 886 1089 Verberat
914 1024 1061 1090 anellum
1099 1024 1197 1090 dubio
1218 1026 1346 1108 procul
1374 1029 1419 1092 et

264 1128 329 1194 ciet
357 1128 460 1194 intres.
505 1127 708 1210 Praepositio
740 1134 897 1210 usurpata
930 1133 991 1193 est:
1024 1125 1038 1192 1
1069 1129 1147 1209 9953
1179 1128 1206 1193 Π
1237 1129 1303 1195 297
1336 1149 1411 1211 quo

264 1252 359 1298 mune
380 1230 420 1295 ire
441 1233 532 1294 motu
547 1228 795 1310 principiorum
818 1227 966 1311 Corpore
987 1233 1088 1307 suren
1102 1231 1166 1297 309
1179 1229 1310 1297 umato
1325 1244 1408 1297 cam

264 1353 379 1399 rerum
395 1322 587 1414 primordia
607 1330 679 1397 siret
699 1330 737 1396 ire
759 1334 859 1397 motu.

368 1455 520 1500 numerus.
565 1434 653 1500 Vbi
691 1454 805 1499 nonne
839 1432 964 1499 decebit
994 1434 1098 1500 Hane
1130 1434 1298 1501 bominem
1327 1420 1407 1501 reu·

266 1559 375 1604 mere
410 1537 517 1602 divom
551 1536 725 1621 dipnarier
758 1557 844 1613 ease·
877 1537 919 1602 de
944 1537 1009 1603 hoc
1031 1537 1104 1604 loco
1126 1538 1280 1605 conferas
1302 1541 1403 1606 velim

265 1642 457 1708 Munronem
480 1641 506 1704 ll
527 1660 556 1723 p.
578 1640 650 1705 287.
672 1640 807 1706 Accedit
828 1638 867 1706 in
889 1628 1126 1723 praepositio:l
1143 1642 1209 1708 446
1224 1641 1327 1709 tertia
1335 1660 1404 1725 per

264 1767 301 1810 ee
322 1744 428 1810 Nulla
443 1746 555 1825 polest
574 1763 687 1807 rerum
710 1742 748 1809 ire
775 1763 914 1809 numero
937 1744 1065 1809 nature
1085 1742 1252 1825 relinqui‚·
1274 1746 1338 1813 691
1362 1745 1399 1811 ir

267 1868 406 1915 numero
429 1865 559 1922 rerum·
588 1844 617 1909 V
642 1846 702 1910 123
727 1845 840 1925 Inque
863 1845 961 1909 deum
983 1865 1122 1911 numero
1144 1866 1232 1927 quoe
1253 1846 1328 1913 cirri
1348 1847 1397 1915 ire

266 1950 374 2036 ‹tipua
395 1948 519 2028 videri:
547 1950 607 2013 180
630 1945 696 2026 ere'
804 1946 872 2011 Nec
892 1945 964 2026 tuit
983 1946 1020 2012 ire
1043 1968 1193 2014 numero.

370 2071 453 2133 pm.
497 2050 579 2115 Del
606 2050 648 2116 88
682 2048 745 2114 Oui
782 2049 883 2113 simul
919 2048 1034 2130 infala
1066 2049 1233 2135 cirpineos
1274 2050 1396 2121 circum

266 2156 511 2235 <interemptae
533 2152 589 2217 Ex
611 2155 755 2233 unoque
771 2151 875 2233 pari
890 2152 1058 2217 melorum
1067 2157 1198 2235 perte
1219 2154 1397 2237 profuerat

268 2258 406 2341 amplius
429 2277 525 2341 agam
549 2255 609 2321 sub
632 2255 775 2320 ablativo
801 2255 1047 2322 instrumentali.
1084 2256 1171 2323 Ι’9843
1192 2256 1262 2322 Nee
1285 2261 1397 2325 temen

265 2380 336 2424 esee
365 2359 437 2424 ulle
469 2358 557 2424 idem
591 2379 632 2423 ecc
660 2363 760 2441 purte
793 2358 832 2424 ire
864 2358 962 2423 rebus
994 2358 1099 2425 inane
1133 2356 1299 2424 Concedit.
1345 2360 1399 2427 Sic

265 2463 496 2528 Lachmannus
521 2461 700 2547 Bernaysio
727 2462 881 2545 Briegero
919 2462 1132 2545 probantibus
1165 2461 1318 2528 vitiosam
1342 2483 1399 2535 co·

265 2565 375 2630 dicum
408 2566 602 2647 scripturam
647 2563 718 2628 teliu
750 2563 839 2628 idem
866 2567 978 2646 parte,
1012 2583 1111 2649 quam
1149 2564 1282 2631 Hertzio
1315 2586 1346 2649 p.
1378 2568 1401 2633 ὃ

266 2668 428 2751 placuisse
450 2687 517 2733 non
540 2667 649 2748 miror,
675 2667 825 2745 correxit,
854 2686 929 2732 cum
952 2667 1135 2733 Lucretium
1152 2667 1240 2732 nudo
1255 2667 1400 2735 ablativo

266 2771 330 2836 uisi
352 2771 504 2854 genetivo
526 2770 637 2836 addito
660 2789 755 2835 usum
778 2789 845 2835 non
868 2786 942 2836 esse
964 2776 1101 2852 putaret.
1146 2769 1212 2835 Sed
1234 2789 1311 2835 curn
1333 2772 1400 2837 iam

266 2874 413 2939 Holtzius
445 2874 513 2940 Lin.
546 2893 576 2956 p.
598 2875 619 2940 9
641 2872 842 2941 Lachmanui
865 2872 1062 2939 sententiam
1087 2891 1183 2939 versu
1205 2871 1247 2937 lV
1269 2873 1335 2939 328
1358 2874 1403 2939 ul·

264 2978 333 3043 lato
355 2977 582 3060 redarguisset
620 2975 736 3041 Munro
769 2975 878 3042 verbis
911 2976 1060 3041 codicum
1093 2976 1302 3058 transpositis
1329 2976 1403 3042 ullu

259 3083 361 3161 porte
383 3079 470 3143 idem
492 3079 632 3161 scripsit,
657 3097 742 3162 quae
764 3078 950 3144 emendatio
974 3079 1086 3145 nescio
1103 3097 1145 3143 an
1160 3079 1403 3147 Lachmannia·

267 3200 330 3247 nae
353 3181 566 3264 praeferenda
594 3182 645 3262 sit,
675 3183 870 3264 praesertim
903 3202 978 3247 cum
1010 3181 1049 3247 ire
1075 3180 1173 3246 rebus
1195 3181 1238 3247 ad
1259 3184 1404 3265 genetivi

265 3303 399 3349 sensum
435 3285 593 3351 accedere
631 3286 809 3352 videantur.
852 3284 895 3349 lV
926 3286 990 3350 328
1024 3283 1112 3349 Nom
1146 3303 1233 3365 quae
1260 3305 1404 3369 cumque

267 3391 354 3451 retro
371 3391 503 3468 perde
525 3386 736 3453 interiore
760 3387 919 3469 latebunt,
943 3407 1008 3472 quo
1030 3388 1104 3453 loco
1127 3406 1147 3453 a
1169 3386 1352 3455 Meiseuero
1374 3410 1406 3473 p

271 3491 310 3555 14
332 3497 448 3556 contra
475 3491 637 3557 lloltzium
668 3499 767 3574 atque
798 3490 976 3555 Ebrardum
999 3490 1278 3556 instrumentalem
1301 3494 1406 3559 statui

268 3593 409 3658 maxime
441 3601 491 3659 est
529 3594 721 3675 mirandum,
755 3593 843 3677 quod
875 3594 946 3676 ipse
978 3594 1060 3660 haec
1082 3611 1102 3660 e
1123 3593 1274 3661 Lucretio
1296 3594 1407 3661 adfert

266 3697 426 3778 exempla,
457 3696 512 3761 ubi
545 3695 688 3762 ablativo
722 3696 917 3762 adscribitur
950 3696 1004 3762 ire:
1026 3696 1065 3762 111
1088 3698 1151 3763 276
1176 3695 1273 3776 Quod
1292 3718 1407 3781 pereae

265 3799 305 3864 ire
326 3799 450 3865 nostrie
472 3799 625 3864 membris
649 3803 681 3863 et
700 3820 834 3882 corpore
859 3804 920 3866 toto
944 3800 1057 3864 Micia
1082 3800 1189 3865 lateres
1222 3799 1331 3866 animi
1354 3800 1408 3867 vie

269 3906 320 3966 est
341 3901 541 3983 animaeque
557 3906 725 3984 petenda·
748 3903 790 3969 lV
813 3905 876 3971 794
898 3902 980 3984 quie
1004 3907 1147 3984 tempore
1168 3902 1207 3968 ire
1222 3923 1291 3969 u-rro
1308 3903 1408 3969 Tem-

261 4025 350 4086 pore
372 4005 478 4069 multo
501 4005 614 4071 lateret.
659 4005 688 4070 V
711 4008 773 4071 769
796 4004 864 4071 Cirr
886 4010 1033 4086 nequeat
1051 4009 1171 4070 certe
1192 4005 1314 4071 milredi
1330 4006 1409 4074 lart-

266 4128 421 4193 9ueecere
440 4113 575 4190 purte.
599 4108 723 4175 Ceteris
746 4111 841 4175 locis:
865 4110 877 4173 l
903 4111 961 4174 181
986 4108 1091 4173 subito
1113 4112 1332 4175 emorerentur
1346 4110 1410 4178 Irt-

267 4214 353 4275 certo
375 4211 482 4292 spatio
513 4217 612 4292 atque
640 4211 800 4278 olienis
824 4211 1030 4295 portibus
1059 4212 1161 4289 aare&
1184 4212 1213 4278 V
1236 4215 1298 4279 ‘101
1322 4214 1410 4295 quia
