2964 4890
501 427 702 510 Conspectus
731 429 828 492 dativi
851 430 1041 495 Lucretiani.

671 609 691 684 1
723 603 814 683 Dur.
837 589 985 705 finalis

654 731 981 778 μ-Λ-κ

623 842 654 904 u
677 815 760 903 lori
802 816 980 908 esrum

487 940 1139 1204 Α

221 1241 558 1340 llutcommrdi
571 1248 872 1342 rtiururumoclr'
890 1256 922 1341 2
940 1253 1036 1341 Dur.
1059 1249 1348 1374 acquisitioni-s

283 1628 541 1710 arctationis
563 1628 758 1711 aethicus

591 1901 731 1989 anau
752 1879 1020 2003 possessionis

556 2120 576 2197 g
609 2111 653 2180 u.
696 2115 830 2181 nativus
863 2115 980 2181 ulans.
1086 2064 1088 2069 ’

570 2270 594 2322 1.
621 2269 751 2323 Dativus
769 2268 874 2323 finalis
893 2268 963 2322 loci.

308 2390 374 2453 lam
408 2391 504 2471 paulo
538 2397 613 2454 ante
649 2390 784 2454 diximus
809 2391 952 2454 dativum
974 2391 1101 2470 linguae
1123 2389 1242 2453 latinae
1265 2405 1332 2451 nou

202 2501 272 2557 tam
294 2493 337 2557 ad
359 2494 493 2557 localem
517 2494 695 2572 notionem,
718 2513 816 2575 quam
839 2494 881 2557 ad
902 2495 1094 2558 remotiores
1107 2491 1331 2574 exprimendas

203 2601 395 2677 usurpatum
431 2602 566 2660 exstare.
610 2596 730 2660 Verum
756 2596 892 2676 dativos
915 2597 948 2660 in
970 2596 1085 2677 quibus
1107 2597 1173 2659 vim
1195 2594 1331 2659 localem

202 2700 310 2762 inesse
327 2703 439 2777 aperte
455 2698 630 2762 ostendunt
646 2704 828 2762 structurae
845 2719 919 2762 cum
936 2696 1227 2780 praepositionibus
1240 2714 1330 2759 com-

202 2803 339 2883 positae,
374 2802 494 2882 passim
528 2801 614 2882 apud
645 2803 818 2882 scriptores
841 2802 958 2864 latinos
980 2800 1115 2864 inveniri
1136 2805 1251 2862 notum
1274 2803 1331 2861 est.

203 2904 311 2985 Atque
344 2902 405 2967 hos
438 2904 574 2982 dativus
610 2924 684 2968 cum
718 2905 770 2968 alii
795 2905 883 2968 velut
904 2904 1056 2968 Kuehner
1078 2908 1110 2966 et
1131 2901 1267 2965 Kernius
1290 2900 1332 2963 ad

202 3026 299 3070 usum
322 3025 459 3087 graecae
482 3007 609 3087 linguae
633 3006 900 3071 accommodatos
916 3025 986 3071 esse
1003 3004 1212 3083 contendunt,
1225 3004 1278 3067 alii
1291 3040 1330 3048 —

202 3111 287 3173 inter
321 3128 403 3190 quos
436 3118 511 3173 sunt
545 3110 823 3174 commemorandi
855 3110 997 3189 Draeger
1029 3107 1203 3172 Schroeter
1225 3104 1330 3170 Thiel-

202 3230 407 3275 mannus-
431 3213 588 3276 locativos
620 3213 653 3276 in
687 3210 878 3293 quibusdam
912 3211 1057 3276 formulis
1084 3229 1123 3273 ex
1146 3209 1331 3290 antiquissi-

202 3316 265 3378 mis
297 3314 497 3396 temporibus
530 3324 677 3380 servatos
699 3322 822 3396 putant.
866 3314 963 3396 Atqui
985 3316 1017 3377 in
1040 3316 1102 3378 hac
1125 3332 1160 3378 re
1184 3313 1331 3394 quamvis

202 3424 318 3499 poetas
351 3419 423 3481 usui
456 3425 488 3482 et
521 3419 746 3482 consuetudini
778 3437 970 3499 graecorum
1004 3436 1071 3481 uon
1097 3416 1174 3479 nihil
1196 3415 1331 3479 inservi·

203 3521 288 3584 risse
322 3539 380 3600 pro
416 3527 505 3585 certo
539 3520 659 3585 habere
692 3521 863 3603 possimus
898 3539 964 3584 uon
986 3527 1036 3584 est
1058 3539 1116 3583 cur
1138 3519 1329 3597 dubitemus,

203 3624 281 3703 quin
315 3623 498 3687 huiusmodi
520 3624 617 3688 dativi
640 3625 812 3689 latinorum
836 3624 962 3688 dicendi
984 3623 1094 3703 generi
1115 3621 1235 3703 proprii
1257 3621 1330 3699 sint,

203 3743 309 3806 neque
341 3732 452 3790 tamen
485 3746 558 3790 esse
585 3727 742 3791 locativos
767 3728 845 3791 satis
868 3728 963 3790 certis
985 3726 1178 3790 testimoniis
1201 3722 1331 3804 probari

201 3834 318 3910 potest.
362 3827 468 3907 Quare
501 3829 741 3909 Delbrueckius,
776 3850 850 3894 cnm
879 3830 1015 3893 localem
1040 3846 1153 3892 casum
1175 3846 1250 3891 curn
1273 3825 1330 3889 da-

201 3932 268 3996 tivo
303 3932 461 3996 coaluisse
495 3933 628 3997 omnino
662 3939 766 4015 neget,
802 3951 917 3998 omnes
945 3932 1071 3996 dativus
1094 3949 1166 3995 esse
1189 3929 1277 4012 Synt.
1299 3949 1330 4009 p.

201 4035 266 4098 290
289 4035 463 4113 contendit,
488 4054 569 4116 quos
592 4042 701 4101 tamen
724 4055 781 4117 per
803 4036 987 4116 analogiam
1010 4053 1121 4098 earum
1139 4051 1222 4114 quae
1234 4033 1329 4112 vulgo

202 4145 378 4202 occurrunt
412 4145 647 4203 structurarum
682 4141 806 4222 positos
829 4157 903 4203 esse
928 4145 1046 4203 censet.
1091 4136 1169 4200 Utut
1190 4154 1225 4200 se
1248 4136 1331 4200 haec
