2964 4890
317 234 355 299 18

272 423 320 488 vis
353 421 442 487 verbi
474 429 603 488 servata
636 430 699 488 est:
732 423 773 488 lV
795 426 888 490 *440
916 424 1010 505 Quae
1037 428 1186 495 demerso
1210 432 1397 514 liquorem

273 525 394 591 obeuut
405 525 443 610 1);
466 527 529 592 965
551 524 597 590 Iu
618 525 743 590 sommis
766 528 895 592 euclem
911 529 1112 611 plerumque
1127 534 1279 600 violemur
1293 537 1399 615 oltra·

272 631 334 695 967
363 626 627 708 Iuduperotores
644 648 803 711 pcrpuore
826 649 864 693 oc
880 631 1039 711 proelio
1061 633 1165 716 obire·
1191 641 1273 705 1020
1293 640 1399 704 Multi

272 736 428 796 mortem
451 730 587 810 oleuut;
610 730 638 795 V
659 732 722 796 618
747 731 818 810 Quo
828 737 928 813 pacto
947 767 955 782 ·
973 769 1005 783 ··
1027 735 1132 802 Lurco
1149 772 1156 788 ·
1174 740 1343 806 mensibus
1357 743 1399 808 id

271 834 442 916 spatium
464 833 619 898 videatur
641 832 745 909 obire·
770 837 852 900 1420
877 834 923 900 Ut
945 836 1061 901 letum
1076 838 1209 905 insidiis
1224 843 1283 923 qui
1296 845 1400 928 pessit

264 938 399 1019 primm
434 935 552 1011 obiret·
584 935 626 1000 Vl
662 938 743 1002 1243
770 937 885 1016 pudor
919 959 1029 1018 quem
1052 944 1121 1006 tum
1143 944 1277 1028 copulat
1298 946 1396 1014 obire.

269 1040 438 1106 Accedunt
460 1038 585 1104 formae
606 1040 755 1120 passivae
778 1039 827 1104 bis
849 1040 940 1105 locis:
962 1041 975 1105 l
1002 1044 1061 1109 135
1083 1043 1193 1110 Morte
1215 1046 1303 1112 obito
1317 1070 1396 1129 puo-

268 1164 345 1206 rum
379 1142 475 1207 tellus
508 1140 717 1222 amplectitur
750 1161 840 1221 occu·
862 1142 904 1207 IV
926 1144 990 1208 734
1013 1143 1162 1224 Quorum
1183 1153 1285 1215 morte
1309 1150 1397 1217 obito

270 1246 365 1310 tellus
399 1244 608 1327 amplectitur
640 1264 722 1310 osso.
767 1244 925 1311 Absolute
948 1254 1136 1329 usurpatur:
1158 1251 1171 1314 l
1193 1253 1256 1317 222
1278 1253 1396 1320 Douec

269 1347 319 1412 oio
342 1347 435 1422 obiit·
458 1349 519 1413 247
544 1348 623 1411 dum
645 1346 727 1411 sotis
750 1347 836 1410 acris
858 1347 912 1411 Vis
937 1348 1046 1426 obeat·
1068 1351 1396 1421 1111079Necdevi·

270 1451 335 1515 tori
367 1451 468 1516 letum
494 1454 583 1532 pote,
616 1449 700 1530 quiri
734 1449 907 1530 obeamus·
939 1451 982 1516 lV
1007 1453 1070 1517 483
1093 1453 1132 1520 iu
1153 1456 1256 1521 uudis
1279 1457 1337 1523 Sol
1357 1458 1398 1538 fit

269 1554 319 1618 uti
351 1553 506 1618 uiolentur
537 1550 642 1631 obire·
667 1551 697 1616 V
718 1554 781 1618 776
805 1551 916 1632 Quove
939 1554 1032 1619 modo
1049 1562 1189 1638 posceret
1209 1557 1322 1643 offecto
1346 1562 1395 1626 lu·

268 1657 358 1722 miuc
380 1655 476 1720 obire.

370 1762 541 1841 praeterire
570 1775 699 1839 semper
719 1758 923 1823 transitivum
946 1766 1008 1824 est:
1030 1760 1056 1825 ll
1082 1762 1163 1827 1103
1184 1765 1273 1844 quod
1294 1785 1395 1848 coepe

268 1866 449 1928 uoccutes
471 1859 655 1935 Praeterit·
671 1860 699 1925 V
714 1862 779 1927 760
794 1859 877 1926 Crem
895 1861 976 1926 loco
986 1863 1163 1944 praeteriit
1175 1865 1319 1946 flammis
1334 1868 1394 1935 iu-

266 1966 369 2047 testo
385 1985 450 2047 per
473 1983 586 2029 ouros.
619 1962 793 2028 Praeterea
814 1965 964 2045 passivae
986 1964 1111 2031 formae
1133 1970 1294 2034 nonnullis
1314 1972 1394 2037 locis

267 2075 404 2147 exstant,
428 2069 467 2133 de
490 2065 606 2149 quibus
629 2065 779 2130 conferas
801 2065 966 2131 Kellerum
988 2087 1019 2149 p.
1042 2069 1084 2135 39
1107 2089 1153 2152 sq.

369 2173 511 2235 lsnbire.
538 2169 580 2233 Vl
610 2169 690 2234 1246
714 2166 868 2248 Optimus
891 2167 957 2233 looc
981 2169 1035 2234 leti
1056 2192 1181 2255 pertus
1204 2194 1279 2258 erpo
1302 2175 1392 2256 quia·

268 2295 332 2355 que
364 2272 504 2338 subibat.
548 2271 658 2336 Altero
692 2270 765 2334 loco
788 2270 840 2334 *ll
866 2272 930 2337 363
952 2271 1020 2337 Nec
1040 2273 1180 2338 ·solices
1203 2279 1302 2356 utque
1317 2276 1392 2343 lter-

267 2378 326 2442 boe
354 2409 413 2427 ···
442 2373 671 2453 Flumiuoque
703 2371 762 2436 illo
791 2378 920 2453 qucuut
940 2409 948 2424 ·
967 2409 973 2424 ·
992 2409 999 2424 ·
1021 2375 1216 2458 solitumque
1246 2384 1392 2446 auertere

265 2500 379 2545 curum
413 2478 541 2559 scripsit
572 2476 808 2551 Lachmannus
845 2476 900 2540 ubi
932 2476 1046 2544 Munro
1080 2479 1206 2546 Kellero
1232 2483 1391 2564 probante

263 2590 353 2649 recte
385 2582 534 2647 codicum
567 2580 760 2661 scripturam
793 2578 1011 2663 subitumque,
1034 2601 1132 2664 quam
1155 2583 1292 2650 formam
1315 2605 1390 2668 pas·

262 2689 332 2753 siva
354 2693 410 2751 aut
431 2686 538 2768 potius
560 2683 763 2747 intransitiva
784 2682 1018 2763 significatione
1039 2686 1181 2766 positam
1202 2705 1274 2752 esse
1285 2696 1388 2770 putat,

260 2790 427 2874 permultis
449 2788 603 2869 exemplis
625 2785 776 2865 defendit,
800 2785 996 2869 Bernaysius
1020 2786 1220 2868 dubiumque
1239 2791 1388 2871 coniecit,

260 2894 389 2974 Brieger
410 2891 582 2970 subitoque
594 2891 632 2971 2).

361 2998 500 3077 superisa
533 3011 598 3057 uno
631 2993 704 3057 loco
738 3011 813 3056 cum
835 2994 1026 3058 accusativo
1048 2995 1191 3075 ponitur:
1214 2994 1280 3059 *Ill
1304 2998 1384 3061 1031

259 3098 317 3179 qui
446 3097 493 3162 Ac
517 3094 660 3177 pellibus
693 3094 821 3158 sulcos
856 3094 968 3158 clocuit
992 3116 1095 3177 super
1122 3096 1171 3160 ire
1202 3097 1386 3179 lucuuos,

258 3220 354 3284 quem
387 3219 516 3265 versum
549 3198 777 3262 Lachmannus
800 3204 971 3278 tamquam
999 3199 1144 3280 spurium
1166 3200 1258 3264 uncis
1280 3201 1384 3265 inelu-

256 3308 306 3368 sit.
339 3304 453 3368 Munro
475 3301 653 3367 Niccolium
677 3307 808 3365 secutus
830 3320 993 3382 superare
1015 3302 1126 3368 nescio
1148 3320 1191 3366 an
1212 3308 1302 3368 recte
1318 3304 1386 3368 edi-

256 3408 346 3486 derit,
381 3425 455 3470 cum
481 3402 630 3485 supuire
653 3403 732 3467 alias
754 3421 820 3467 non
842 3403 1034 3484 inveniatur,
1057 3404 1187 3485 Brieger
1209 3423 1285 3468 cum
1307 3406 1386 3472 Ber-

253 3511 365 3593 navsio
388 3527 518 3574 versum
539 3507 746 3570 immutatum
767 3506 899 3587 recepit.

354 3617 489 3677 mandre
522 3609 609 3691 apud
641 3608 824 3672 Lucretium
862 3608 932 3673 sine
954 3609 1019 3672 ulla
1040 3610 1181 3674 notionis
1204 3610 1384 3677 differentia

250 3722 282 3781 et
314 3715 480 3780 transitive
513 3712 737 3778 accusativum
758 3712 843 3792 regit
866 3718 898 3776 et
920 3712 1121 3778 intransitive
1145 3732 1220 3777 cum
1242 3733 1383 3796 praepo·

249 3819 365 3882 sitione
395 3816 608 3895 coniungitur.
652 3814 870 3878 Transitivum
903 3820 965 3879 est:
998 3815 1011 3878 1
1045 3816 1108 3880 200
1141 3814 1199 3894 qui
1215 3820 1379 3896 poutum

353 4108 372 4174 ¹)
391 4105 520 4173 liquorem
538 4105 648 4171 scripsit
666 4104 856 4156 Lachmanuus
876 4119 925 4171 pro
943 4102 1054 4172 liquore.

347 4193 368 4261 ²)
380 4190 553 4259 subtilemque
573 4190 656 4243 scribi
674 4189 732 4242 vult
751 4192 827 4243 Aem.
847 4189 1029 4242 Baehrensius
1048 4189 1129 4243 Arcb.
1148 4190 1186 4242 llI
1198 4206 1223 4258 p.
1243 4191 1301 4244 278.
