2964 4890
1148 345 1209 408 115

221 552 324 611 ruber.
368 547 393 611 ΙΙ
427 547 489 611 803
523 546 676 627 Namque
709 546 794 610 ulios
820 547 860 626 fii
880 547 931 611 nii
953 547 1057 612 eluro
1081 547 1125 611 sii
1144 549 1247 612 rubro

112 670 286 732 pyropo.

223 755 353 817 saueius.
397 753 441 818 IV
469 754 550 818 1048
573 773 667 817 niens
690 753 781 817 unde
804 756 852 817 esi
872 752 989 816 souoin
1013 774 1160 817 onioro.

223 858 382 921 sollicitus.
427 856 465 919 111
501 858 563 920 732
597 875 705 934 neqrre
738 857 825 919 enin
921 855 1087 920 Sollicitos
1110 856 1250 922 volitoni

116 958 270 1022 morbis
305 958 479 1042 uipnqno
512 957 718 1038 taurona·
754 959 836 1024 1049
872 957 1037 1038 Quian·
1066 957 1246 1023 Sollicitam

128 1096 154 1111 ··
176 1060 264 1145 peris
287 1080 403 1125 rosso
424 1059 655 1140 formidine
677 1064 828 1124 ueniens.

223 1167 349 1230 sterilis.
393 1163 434 1227 IV
470 1165 549 1227 1240
582 1163 670 1226 Non
696 1162 824 1227 steriles
851 1162 990 1228 niniinnr
1013 1184 1145 1228 rrusso
1167 1170 1250 1230 sont

115 1267 273 1331 senine
301 1266 429 1348 poriirn
464 1266 512 1329 Ei
546 1265 706 1346 liquido
735 1271 874 1348 praeter
896 1267 1020 1331 iusiurn
1045 1269 1247 1349 tenuique

116 1369 271 1433 rtioissini.

221 1476 372 1536 turbidus.
417 1473 430 1536 l
463 1475 525 1536 286
560 1471 607 1535 iio
642 1493 788 1555 rnupno
825 1473 979 1537 turbidus
1008 1475 1127 1539 inrdri
1149 1475 1246 1539 Moli-

117 1575 180 1639 Irus
202 1574 349 1640 incurrit
369 1610 419 1624 ···
442 1574 552 1639 uronis
566 1577 599 1655 ¹).

222 1681 372 1758 turgidus.
418 1677 459 1741 IV
488 1679 570 1743 1034
600 1675 665 1756 Qui
689 1676 750 1739 riot
771 1675 919 1741 inritans
942 1678 1012 1743 loro
1037 1679 1171 1763 turpido
1193 1702 1247 1744 so·

117 1779 223 1844 ruine
246 1779 381 1844 niuiio.

223 1904 325 1947 unous.
369 1884 395 1947 11
427 1886 489 1968 427
526 1883 616 1947 Sunt
649 1881 746 1946 eiiorn
781 1902 867 1961 quoa
894 1882 961 1945 iuni
984 1903 1044 1947 noo
1069 1884 1153 1947 ieoiu
1175 1885 1248 1949 iure

116 1990 287 2068 putantur
319 1986 400 2050 Esse
423 1982 531 2066 nouare
555 1985 687 2050 ornnino
709 1984 840 2065 sienis
863 1985 1126 2051 mucronibus
1148 2008 1247 2068 unrn,

123 2090 188 2154 Sed
210 2089 317 2174 napis
340 2089 521 2174 unpeiiis
538 2089 684 2170 parduna
702 2088 1001 2168 prestantibus.

224 2192 397 2258 Praeterea
421 2194 462 2258 de
485 2192 635 2256 ablativis
659 2212 730 2256 euin
764 2192 931 2256 adieolivis
964 2193 1148 2257 coniunctis
1171 2213 1248 2258 oon-

119 2295 205 2361 seras
228 2314 312 2378 quae
335 2297 399 2359 dixi
424 2316 452 2377 p.
475 2298 524 2360 56.

504 2640 574 2715 ΙΙΙ.
628 2638 865 2717 Ablativus

308 2845 330 2929 5
352 2846 407 2913 31.
451 2846 500 2913 De
522 2847 558 2914 ri
579 2849 615 2912 et
635 2865 700 2914 usu
722 2847 868 2914 ablativi
891 2841 1059 2932 (proprii)

492 2951 650 3018 universe
673 2950 883 3035 disputatur.

225 3120 271 3184 De
295 3119 426 3184 ablativi
449 3122 570 3203 proprii
594 3121 647 3202 qui
672 3127 807 3185 vocatur
829 3121 860 3183 vi
880 3129 911 3185 et
928 3120 1034 3184 indole
1051 3120 1137 3183 nulla
1152 3120 1250 3182 exsti-

119 3223 159 3285 tit
188 3224 358 3286 dissensio.
402 3224 484 3286 Nam
508 3225 592 3286 inter
615 3241 728 3286 ornnes
743 3217 880 3286 'constat
905 3222 1046 3286 ablativo
1069 3223 1248 3302 linguarum

124 3325 461 3407 indegermanioarum
499 3327 583 3390 unde
617 3325 738 3408 aliquid
773 3326 952 3407 profectum
986 3325 1036 3389 vel
1070 3332 1175 3388 ortum
1210 3325 1251 3387 sit

123 3428 304 3509 significari.
349 3428 457 3507 Quare
485 3430 605 3493 latinae
634 3447 763 3511 quoque
786 3429 914 3508 linguae
937 3425 1099 3491 ablativus
1122 3427 1251 3508 propria

123 3533 154 3594 vi
188 3541 317 3598 servata
351 3534 397 3597 ita
432 3536 606 3616 praecipue
629 3539 811 3613 usurpatur,
835 3539 870 3594 ut
892 3532 1000 3595 losum
1024 3532 1108 3594 unde
1132 3531 1251 3611 aliquid

121 3637 267 3716 separari
291 3635 417 3700 dicatur
439 3645 494 3700 aui
518 3637 675 3716 originem
699 3636 749 3699 vel
773 3635 941 3697 materiam
965 3632 1130 3713 significet.
1157 3632 1251 3712 Apud

126 3740 304 3804 Lucretium
340 3758 405 3820 quo
429 3739 526 3803 modo
561 3739 719 3803 ablativus
753 3738 883 3819 propria
906 3737 936 3798 vi
960 3737 1084 3817 positus
1107 3737 1147 3798 sit
1170 3734 1251 3798 inira

125 3843 290 3906 disseram

228 4069 248 4130 ¹)
267 4066 393 4134 torpidus
411 4064 540 4118 Paulson
558 4065 719 4135 proposuit,
738 4063 805 4116 vide
823 4080 849 4132 p.
868 4063 909 4115 90.
