2964 4890
216 208 259 271 64

171 392 281 477 Effice
315 398 353 457 ut
378 393 506 459 intereo
529 393 603 474 feru
625 414 779 458 orosae-ru
802 393 935 458 oriliiioi
957 394 1025 459 Per
1046 393 1157 457 risoria
1181 413 1218 457 oc
1243 398 1306 457 ter-

171 517 230 560 ras
264 497 370 562 orionis
403 496 511 577 sopito
545 496 727 576 quiescunt.
772 496 894 562 Deinde
927 497 1043 562 dicitur
1076 497 1116 562 de
1149 498 1307 578 temporis

172 600 279 681 spatio
312 617 371 682 per
404 599 491 680 quod
514 601 600 664 actio
623 600 833 665 continuatur
855 601 942 666 velut
964 601 976 663 l
998 602 1062 665 549
1084 599 1152 664 Nec
1175 600 1307 665 ratione

172 706 303 782 pareunt
336 701 405 766 alia
437 707 570 766 serrcrto
597 724 663 784 per
697 723 808 767 (iecora
836 703 892 766 Ea
915 702 1046 782 infinito
1071 702 1138 766 iarn
1162 706 1307 784 tmepore

171 826 225 869 res
248 825 424 886 reparare:
447 806 487 870 IV
513 808 593 871 1018
617 805 720 869 Mulli
744 807 783 869 dc
805 805 938 889 artocreis
955 826 1020 886 prr
1045 827 1198 871 solimam
1213 805 1305 870 rebu’

176 909 370 989 iudicaretur.
417 909 498 972 Tum
526 930 591 989 per
621 916 788 974 auctorem
824 911 870 974 rei
905 910 1052 991 designat
1084 909 1204 974 autad
1227 928 1306 974 cau-

178 1030 248 1075 sam
284 1012 352 1076 sive
386 1013 577 1076 exteriorem
608 1013 675 1076 sive
697 1013 882 1077 interiorem
906 1012 1111 1078 indicandam
1135 1012 1307 1077 adhibetur

172 1132 201 1178 e.
229 1133 275 1194 gr.
306 1113 317 1176 l
346 1115 367 1176 4
390 1135 453 1195 per
485 1118 513 1177 te
541 1115 700 1194 querolum
734 1136 842 1198 porrus
867 1136 961 1180 curae
985 1114 1199 1180 animantum
1222 1114 1306 1179 Coa-

173 1215 313 1296 cipitm·;
336 1218 399 1283 403
417 1237 480 1298 per
503 1237 589 1297 pilae
608 1217 717 1298 possis
739 1239 930 1301 coporosccre
953 1223 1060 1282 cetero
1084 1222 1160 1282 tuto.
1202 1219 1304 1283 Porro

173 1320 216 1383 ad
249 1320 410 1384 medalem
444 1321 632 1385 relationem
668 1321 911 1402 significandam
945 1329 1119 1403 usurpatur
1151 1321 1239 1385 velut
1265 1321 1306 1385 lV

174 1425 236 1488 847
274 1423 382 1502 (lamo
418 1424 514 1488 ciceret
546 1424 702 1488 obiectam
731 1425 868 1506 porracei
898 1426 992 1489 loeva¹
1011 1445 1074 1507 per
1097 1428 1219 1503 ortena·
1242 1426 1304 1489 905

175 1526 366 1607 Multoque,
397 1547 460 1607 per
483 1528 618 1592 trocleas
643 1532 674 1592 et
697 1533 869 1610 tparporro,
886 1527 1042 1608 pondero
1063 1546 1190 1610 rrrupoo
1214 1525 1303 1591 (lom-

173 1632 281 1693 meoet
313 1632 412 1708 atquc
440 1629 501 1694 levi
523 1630 667 1693 sustollit
688 1629 845 1695 rrrochirru
867 1631 955 1694 rusie.

277 1740 347 1811 post
381 1731 447 1796 lere
470 1731 588 1814 ubique
612 1733 783 1814 temporali
805 1751 902 1797 sensu
925 1733 1055 1813 ponitur
1077 1750 1103 1796 e.
1126 1751 1171 1812 gr.
1194 1731 1220 1795 ll
1243 1733 1303 1796 299

174 1833 223 1897 Et
244 1833 420 1914 posthaec
442 1856 572 1915 serrrpcr
593 1835 694 1899 sirrrili
717 1835 847 1900 rutinae
869 1834 1034 1914 ferentur:
1056 1835 1094 1898 lll
1116 1835 1179 1898 338
1202 1834 1303 1897 Proc-

176 1940 265 2001 tcreo
296 1958 416 2018 corpus
436 1973 442 1987 ·
461 1973 468 1987 ·
487 1973 493 1987 ·
515 1939 583 2002 Nec
618 1937 733 2002 crescit
765 1959 872 2017 nepteo
901 1942 981 2018 post
1012 1941 1147 2001 morteto
1182 1937 1304 2000 durare

173 2040 316 2103 videtur.

278 2152 410 2223 praeter.
443 2145 587 2208 Primum
617 2145 711 2208 locali
744 2162 842 2207 sensu
860 2145 997 2222 praeter
1020 2161 1093 2206 cum
1117 2141 1303 2206 accusativo

176 2247 394 2327 coniungitur:
429 2247 469 2310 IV
503 2249 567 2312 390
602 2245 690 2324 eros
719 2244 849 2328 epiricus
868 2248 1004 2325 praeter
1026 2264 1145 2308 crore-ru
1163 2243 1304 2323 relnque

176 2347 336 2411 coloreas.
382 2348 503 2413 Deinde
530 2349 688 2412 translata
717 2348 951 2428 significatione
974 2347 1014 2411 de
1036 2365 1072 2410 re
1094 2347 1228 2410 modum
1251 2365 1303 2410 ex-

176 2452 313 2515 cedente
349 2452 475 2515 dicitur:
509 2452 550 2515 lV
575 2454 651 2516 1241
678 2450 766 2513 *lirul
789 2449 915 2513 steriles
934 2448 1076 2513 rrirrrr'urn
1097 2468 1206 2512 crosso
1227 2451 1306 2512 strat

176 2553 301 2617 semine
328 2553 467 2634 parilia,
500 2553 548 2616 Et
581 2552 705 2632 liquido
724 2556 861 2632 praetor
884 2552 1008 2614 iustum
1033 2549 1191 2630 tenuique
1214 2549 1303 2613 eicis·

176 2656 239 2720 sira
273 2664 329 2720 aut
363 2657 402 2720 de
436 2657 628 2737 exceptione
650 2657 779 2737 ponitur
802 2657 888 2719 velut
914 2656 926 2718 Ι
952 2656 1016 2719 445
1042 2654 1145 2736 Erpo,
1170 2657 1305 2734 praeter

176 2759 281 2823 laurac
311 2763 342 2823 et
369 2779 516 2839 corporo,
541 2757 637 2822 tertio
654 2778 773 2838 perse
796 2757 899 2821 Nullo
918 2760 1028 2837 potest
1048 2777 1160 2819 rerum
1184 2755 1221 2820 ia
1243 2776 1304 2820 aar·

177 2884 264 2927 mero
298 2867 425 2928 antron
458 2862 631 2942 relinqui:-
645 2862 670 2925 ll
692 2864 757 2928 920
780 2865 815 2925 ot
837 2865 927 2925 coeto
952 2859 1152 2938 concilioque
1175 2857 1234 2922 Nil
1256 2855 1304 2936 fo·

176 2965 266 3029 cierat
280 2970 419 3045 praeter
441 2965 573 3048 colpam
598 2964 794 3042 turbamque
817 2962 1040 3027 urairaouturrr.

279 3089 374 3149 prope
406 3070 627 3133 accusativum
661 3070 724 3132 hoc
747 3069 820 3133 loco
843 3067 996 3131 adsumit:
1030 3065 1070 3129 Vl
1093 3065 1155 3130 863
1178 3063 1305 3126 Multo-

177 3192 240 3250 que
263 3176 345 3235 serrat
367 3171 455 3254 iprris
472 3193 578 3253 prope
601 3171 730 3234 scoriae
753 3191 871 3250 corpus
895 3169 1006 3249 oq'rroi.

281 3283 416 3355 propter.
440 3275 583 3338 Primum
605 3275 736 3356 propria
759 3273 992 3353 significatione
1016 3276 1145 3333 servata
1161 3270 1202 3333 ad
1218 3271 1307 3334 loca-

177 3379 239 3441 lem
273 3378 463 3441 relationem
498 3377 740 3459 exprimendam
774 3394 872 3456 saepe
896 3380 1070 3455 usurpatur
1092 3391 1119 3436 e.
1142 3392 1186 3453 gr.
1211 3373 1308 3436 1316

178 3484 258 3560 turri,
275 3483 394 3560 portus
411 3484 560 3560 propter,
585 3488 672 3544 citou
695 3478 802 3561 Siqua
826 3498 949 3542 rrrorrus
973 3477 1107 3540 dertros
1128 3476 1312 3540 ostendunt

176 3569 375 3659 delicatiora·
397 3584 422 3647 H
445 3586 487 3649 30
509 3584 591 3649 Cara
617 3588 729 3647 tortere
750 3617 756 3629 ·
776 3617 782 3630 ·
802 3617 808 3630 ·
830 3582 973 3662 Propter
996 3577 1250 3659 correctricem·
1270 3613 1302 3626 ··

176 3686 254 3751 Non
282 3686 415 3769 rrropois
439 3686 554 3767 opibus
576 3686 722 3750 iucuadc
747 3704 884 3765 corporo
908 3687 1038 3747 carcat.
1084 3682 1206 3745 Deinde
1230 3699 1309 3745 cau-

176 3808 248 3854 sam
281 3790 389 3853 multis
422 3790 501 3853 locis
534 3789 654 3853 indicat
688 3789 775 3851 velut
809 3788 821 3850 l
854 3789 913 3852 139
943 3785 1057 3850 Multo
1084 3783 1179 3849 nortis
1203 3782 1310 3847 verbis

171 3891 372 3972 pracsertim
403 3912 476 3955 curu
498 3891 542 3954 sit
564 3892 732 3973 upcrrdum
755 3890 898 3970 Propter
921 3891 1095 3970 cpcstoteru
1120 3886 1257 3969 linquae
1281 3888 1313 3948 et

176 4015 289 4058 rerum
312 3994 507 4073 cleritatem:
529 3995 554 4059 ll
577 3995 641 4060 854
662 3993 804 4073 Propter
828 3993 963 4056 corridere
989 4012 1057 4054 raro
1076 3989 1194 4054 deberet
1202 3987 1308 4070 prirn-

178 4096 273 4160 ordr'u
302 4118 412 4161 rerum
440 4096 516 4161 Nori
548 4095 703 4159 collidere
724 4117 823 4158 suruu
842 4093 1029 4177 pipnurrdis
1051 4091 1146 4156 rebus
1168 4091 1308 4154 odorem.
