2964 4890
431 495 632 578 Conspectus
655 495 788 561 ablativi
812 499 960 581 (proprii)
983 497 1180 564 Lucretiani.

622 687 738 752 lAbl.
762 688 987 771 separatioris

421 943 445 1007 6
463 942 541 1007 Aul.
568 959 695 1007 causae
912 941 939 1003 2
956 940 1035 1006 Aul.
1060 941 1208 1026 inopiae

554 1043 556 1078 Ι

419 1222 759 1333 affirmationis
912 1271 939 1333 3
957 1268 1034 1335 aar.
1059 1270 1214 1353 orama

839 1426 863 1470 α
884 1408 1038 1490 orr'piur's
1058 1408 1082 1473 b
1103 1411 1284 1473 materiae

641 1478 739 1594 XXXX
924 1524 1061 1620 s

740 1595 923 1688 ‘Ns'

594 1717 621 1779 ll
643 1716 723 1781 stol.
748 1717 1028 1801 comparationis

524 1923 546 2007 9
569 1925 623 1990 32.
668 1923 852 1993 Ablutivus
873 1926 1100 2010 separamus.
1123 2008 1125 2012 Ι

349 2078 496 2141 Plurimis
529 2077 637 2140 verbis
660 2085 690 2140 et
715 2077 913 2158 simplicibus
937 2085 969 2142 et
991 2076 1380 2159 compositis'appositus

246 2183 385 2246 occurrit
421 2179 592 2259 ablativus,
628 2201 692 2262 quo
728 2199 867 2262 persona
900 2181 950 2244 vel
979 2199 1030 2243 res
1059 2179 1267 2259 significatur,
1292 2181 1380 2243 undo

248 2285 365 2365 aliquid
398 2283 558 2365 proficisci
595 2284 644 2346 vel
669 2285 812 2365 separari
836 2284 950 2347 dicitur
974 2280 1190 2364 (ablativus
1214 2300 1378 2363 separa-

248 2387 380 2470 tivus).
424 2387 536 2468 Neque
570 2406 645 2450 raro
681 2407 740 2450 usu
775 2388 869 2460 venit,
906 2393 941 2449 ut
963 2387 1012 2448 vis
1035 2387 1220 2466 separativa
1245 2385 1378 2448 ablativi

249 2491 357 2554 addita
373 2490 613 2571 praepositione
630 2491 732 2570 magis
748 2490 885 2553 dilucide
902 2490 1099 2571 exprimatur
1115 2488 1163 2551 vel
1181 2489 1284 2552 artius
1301 2487 1380 2551 defi-

250 2595 364 2669 niatur,
402 2611 465 2673 qua
500 2594 531 2654 in
567 2611 602 2655 re
626 2591 807 2656 Lucretium
831 2593 901 2655 aliis
924 2592 1004 2655 locis
1028 2593 1120 2654 aliter
1143 2591 1248 2672 egisse
1272 2609 1382 2672 neque

249 2699 345 2763 certis
379 2695 500 2777 legibus
534 2697 677 2759 vinctum
713 2714 785 2760 esse
815 2697 866 2758 vix
890 2703 938 2759 est
962 2715 1019 2759 cur
1043 2696 1205 2770 miremur,
1231 2695 1258 2757 si
1282 2695 1379 2758 vacil-

248 2802 368 2864 lantem
392 2807 560 2881 poetarum
584 2799 758 2863 latinorum
779 2819 871 2862 usum
890 2806 920 2862 et
937 2799 1204 2863 consuetudinem
1221 2798 1380 2879 respicia-

251 2924 329 2967 mus,
375 2903 443 2981 Qua
480 2903 518 2966 de
553 2921 653 2966 causa
687 2903 772 2983 apud
803 2903 985 2965 Lucretium
1009 2911 1044 2964 ut
1067 2901 1250 2974 ostendam,
1273 2901 1380 2982 qualis

249 3008 289 3070 sit
314 3008 361 3069 vis
384 3012 415 3069 et
438 3025 515 3068 usus
538 3003 671 3068 ablativi
695 3006 877 3086 separativi,
896 3005 1067 3086 variasque
1083 3003 1256 3068 verborum
1273 3011 1380 3066 struc-

249 3121 339 3173 turas
362 3108 421 3172 sub
444 3129 510 3172 uno
534 3109 628 3189 quasi
652 3116 829 3189 conspectu
853 3128 983 3190 ponam,
1008 3109 1146 3190 primum
1170 3108 1283 3171 omnia
1299 3125 1380 3170 enu-

252 3212 384 3277 merabo
417 3210 515 3274 verba
550 3218 582 3274 et
610 3212 812 3274 intransitiva
835 3219 867 3275 et
890 3211 1068 3288 transitiva,
1093 3228 1177 3292 quae
1200 3209 1380 3272 ablativum

250 3317 467 3396 separativum
503 3316 569 3377 sive
604 3315 724 3378 nudum
745 3316 826 3378 ¹sive
861 3314 1102 3396 praepositione
1137 3312 1248 3377 fultum
1281 3321 1383 3394 atque

166 3450 169 3454 ·
248 3419 409 3481 firmatum
445 3417 505 3480 sibi
530 3418 725 3496 adsciscunt,
750 3417 865 3482 deinde
889 3418 1047 3482 adiectiva
1070 3424 1103 3482 el
1125 3415 1281 3481 adverbia
1306 3435 1382 3480 cum

250 3523 311 3585 hoc
336 3520 477 3584 ablativo
501 3522 675 3584 coniuncta
699 3519 851 3584 adferam.

704 3709 738 3773 Α.
784 3709 926 3772 Verba:

671 3882 699 3926 a.
745 3865 959 3928 intransitiva.

356 4007 474 4063 cadere.
520 4000 581 4063 *lll
610 4002 673 4067 596
701 4000 890 4082 videmnus·
983 4000 1104 4065 Mollia
1126 4035 1152 4048 ··
1178 3999 1385 4085 exsumpui

254 4107 287 4164 tr
298 4123 396 4166 irtaco
431 4104 547 4166 cadere
582 4102 693 4167 orinia
727 4102 892 4182 utendam·
919 4104 1025 4167 versui
1049 4104 1082 4166 in
1104 4103 1273 4168 codicibus
1296 4104 1386 4168 iusto

252 4206 389 4270 breviori
413 4206 642 4270 Lachmannus
666 4210 781 4270 tramea
807 4207 929 4269 addidit
951 4226 969 4272 e
992 4226 1088 4270 versu
1111 4207 1174 4272 654
1199 4207 1295 4271 huius
1311 4207 1385 4270 libri
