2964 4890
1221 233 1261 296 27

281 420 405 480 adflare.
435 416 463 481 V
493 419 555 484 567
585 416 705 496 quibas
734 438 749 481 c
778 417 896 498 spatiis
926 439 1065 498 comque
1087 418 1181 502 c'pnes
1203 455 1210 468 ·
1226 440 1303 501 pos-

176 521 262 582 sunt
281 551 314 568 ··
336 518 506 584 calidum
529 519 681 584 membris
705 518 832 599 adflare
854 541 1043 602 vaporem.

280 626 422 688 conflare.
445 623 483 688 lll
507 626 549 688 to
571 621 747 706 Sanquinc
770 622 858 687 cicili
880 644 956 688 rem
973 624 1137 705 confiunt·
1152 625 1192 690 Vl
1212 627 1302 704 10913
1339 650 1342 654 ⁴

176 722 227 788 cir
247 725 286 788 III
307 726 378 791 335.

280 831 451 893 renonum
482 829 611 910 passive
643 835 833 910 usurpatum
867 828 967 892 semel
1000 831 1152 894 occurrit:
1177 831 1218 895 IV
1241 832 1302 896 927

179 929 280 996 Unde
301 928 478 1011 reconflari
499 950 618 995 sensns
635 951 700 1012 per
721 929 867 994 membra
888 935 1023 1011 repente
1044 931 1168 997 Posset.

280 1035 401 1098 efflare.
429 1032 454 1097 ll
483 1033 545 1098 832
574 1032 715 1097 Nascere
745 1036 784 1095 ut
810 1031 887 1097 binc
908 1033 1019 1114 possis
1035 1034 1136 1115 prins
1160 1055 1303 1099 omnem

176 1133 299 1219 efflare
312 1135 472 1200 colorem
485 1134 690 1211 Pertinacius·
702 1134 730 1199 V
742 1137 815 1200 652.
829 1133 996 1199 Absolute:
1009 1136 1119 1202 V1681
1133 1137 1233 1202 Nunc
1257 1142 1303 1201 tn·

177 1258 254 1303 men
282 1237 341 1302 tua
363 1237 468 1302 modis
491 1237 612 1318 quibus
633 1236 775 1302 cantatu
798 1241 932 1319 repento
954 1238 1111 1303 Flnmnru
1133 1238 1225 1320 forus
1247 1260 1303 1304 nu·

175 1340 237 1404 ctv'c
269 1342 397 1405 Aetnae
430 1339 623 1420 fornacibus
658 1338 760 1423 efflet,
784 1338 989 1421 Ercpedc’unc;
1013 1344 1076 1408 699
1099 1341 1160 1406 boc
1181 1341 1230 1407 irc
1252 1342 1304 1423 ta·

177 1443 349 1509 tendumst
367 1477 375 1493 ·
393 1477 426 1492 ··
448 1443 557 1523 Atque
581 1441 700 1527 efflare
723 1441 824 1523 forus.

280 1546 426 1610 iinssera.
449 1545 477 1610 V
501 1546 585 1611 1383
607 1546 656 1609 at
675 1544 813 1628 rcpbpri
836 1545 1012 1610 ···sc'bt'ln
1030 1546 1179 1628 primurn
1201 1546 1303 1632 Apre-

174 1647 236 1712 stc's
259 1649 397 1713 docuere
420 1649 534 1712 cocus
558 1647 678 1728 iubare
702 1648 859 1714 cicutas

279 1755 419 1833 perflare.
442 1751 482 1816 Vl
508 1753 567 1816 132
590 1772 664 1815 cum
687 1751 778 1816 oenb'
801 1751 939 1816 urcbt'lu
956 1752 1123 1832 perfiant·
1149 1753 1209 1817 135
1225 1773 1302 1817 crc-

173 1855 282 1919 brarn
305 1853 445 1919 siluam
468 1875 541 1918 cnm
563 1853 705 1934 flumina
728 1854 822 1919 cnurc'
844 1855 1006 1935 Perfluat.

511 2042 555 2107 b¹.
599 2043 723 2108 Verba
746 2045 968 2125 composita.

279 2181 346 2245 lam
374 2179 473 2245 verba
496 2199 570 2245 cnm
593 2180 885 2262 praepositionibus
907 2180 1099 2262 quibusdam
1123 2183 1304 2264 composita

175 2282 331 2363 adieram,
366 2302 450 2365 quae
472 2284 694 2348 accusativum
718 2284 902 2364 adsumunt,
927 2304 1125 2367 quamquam
1148 2286 1305 2368 simplicia

173 2387 378 2451 intransitiva
410 2386 441 2450 vi
472 2387 600 2469 proprie
621 2393 819 2467 usurpantur
832 2386 866 2471 ¹).
910 2387 996 2452 Inter
1017 2388 1099 2453 haec
1121 2388 1222 2453 verba
1244 2391 1304 2454 etsi

173 2491 314 2573 plurima
347 2509 420 2555 cum
456 2490 696 2572 praepositione
725 2491 946 2554 accusativum
970 2498 1102 2572 regente
1124 2494 1305 2574 composita

175 2600 261 2672 sunt,
296 2594 450 2658 nonnulla
483 2600 594 2657 tamen
616 2593 833 2674 inveniuntur,
857 2593 972 2675 quibus
995 2597 1191 2676 praepositio
1213 2596 1304 2660 abla-

174 2697 278 2761 tivum
310 2714 426 2778 regcns
454 2704 503 2761 est
526 2695 631 2760 affixa.
676 2694 741 2761 Sed
762 2695 863 2760 verba
885 2698 1067 2778 composita
1089 2698 1156 2763 sive
1178 2705 1304 2763 motum

175 2798 321 2863 indicant
349 2799 416 2864 sive
443 2806 563 2863 statum
588 2818 605 2863 e
628 2806 719 2863 motu
742 2798 923 2880 profectum
947 2800 1137 2881 significant,
1162 2809 1196 2865 ut
1218 2802 1304 2883 apud

174 2902 256 2966 abus
289 2892 463 2984 scriptores
496 2903 575 2966 alias
608 2908 788 2966 structuras
821 2903 1003 2983 admittunt,
1041 2904 1087 2968 sic
1114 2923 1133 2967 a
1156 2905 1304 2969 Lucretio

176 3022 308 3087 quoque
338 3006 428 3070 varia
460 3006 586 3070 ratione
619 3013 825 3086 usurpantur.
870 3006 953 3070 Nam
987 3013 1085 3088 poeta
1117 3008 1204 3071 nullo
1238 3006 1304 3073 fere

175 3108 360 3173 discrimine
392 3108 611 3173 intercedente
645 3109 715 3173 aliis
748 3109 890 3173 dativum
926 3110 1077 3191 adiungit,
1112 3111 1181 3173 aliis
1209 3129 1303 3192 prae-

174 3211 370 3293 positionem
392 3211 554 3291 adscribit,
578 3213 624 3276 uti
648 3230 707 3276 sno
731 3212 872 3294 quidque
894 3215 966 3278 loco
990 3214 1169 3279 ostendam.

277 3313 373 3396 Apud
406 3315 589 3379 Lucretium
612 3315 693 3379 baec
716 3316 825 3380 inveni
846 3315 946 3381 verba
969 3336 1042 3381 cum
1065 3318 1304 3399 praepositione

175 3417 399 3482 accusativum
422 3423 554 3498 regente
577 3418 765 3499 composita.

279 3547 310 3584 α.
332 3520 439 3584 Verba
461 3526 585 3585 motum
608 3521 795 3585 indicantia.

278 3622 453 3686 Recidere
488 3623 540 3688 *V
572 3623 634 3688 608
671 3621 767 3702 Quod
800 3643 907 3707 penus
940 3624 1029 3688 iuter·
1055 3625 1134 3688 dunc
1157 3629 1304 3709 repetes

174 3724 440 3806 stipulamque
473 3725 622 3790 uidemus
644 3725 800 3790 Accidere
824 3746 864 3789 car
886 3746 958 3790 arna
980 3725 1125 3790 scicntia
1147 3727 1303 3792 inccndio

168 3826 310 3911 passim.
355 3827 426 3907 Quo
459 3829 532 3894 loco
567 3829 687 3894 codicis
716 3828 957 3910 Qscripturam
993 3828 1139 3893 occidere
1171 3849 1303 3913 recepe-

278 3999 299 4064 ¹)
325 4000 414 4051 Antea
437 4000 483 4052 ubi
502 3999 614 4068 agebam
634 3999 667 4054 de
685 4002 775 4054 verbis
794 4000 973 4068 simplicibus,
992 4017 1061 4069 quae
1082 4003 1225 4056 transitive
1244 4020 1303 4056 cum

173 4083 330 4138 affimativa
357 4085 566 4153 coniunguntur,
594 4087 745 4152 composita
773 4102 880 4154 quoque
898 4088 981 4140 verba
999 4089 1204 4155 perspicuitatis
1222 4104 1305 4143 eausa

174 4168 265 4235 attuli,
283 4183 354 4235 qnae
373 4170 463 4222 omnia
480 4169 555 4223 infra
574 4170 692 4224 breviter
709 4172 882 4224 enumerabo.
