<?xml version="1.0" encoding="UTF-8"?>
<!DOCTYPE html PUBLIC "-//W3C//DTD XHTML 1.0 Transitional//EN"
    "http://www.w3.org/TR/xhtml1/DTD/xhtml1-transitional.dtd">
<html xmlns="http://www.w3.org/1999/xhtml" xml:lang="en" lang="en">
 <head>
  <title>
</title>
<meta http-equiv="Content-Type" content="text/html;charset=utf-8" />
  <meta name='ocr-system' content='tesseract 3.04.00' />
  <meta name='ocr-capabilities' content='ocr_page ocr_carea ocr_par ocr_line ocrx_word'/>
</head>
<body>
  <div class='ocr_page' id='page_1' title='image "./decasvvmsyntaxi00hidgoog_0117.png"; bbox 0 0 2964 4890; ppageno 0'>
   <div class='ocr_carea' id='block_1_1' title="bbox 217 246 277 309">
    <p class='ocr_par' dir='ltr' id='par_1_1' title="bbox 217 246 277 309">
     <span class='ocr_line' id='line_1_1' title="bbox 217 246 277 309; baseline 0.05 -3"><span class='ocrx_word' id='word_1_1' title='bbox 217 246 277 309; x_wconf 89' lang='lat'><strong>100</strong></span> 
     </span>
    </p>
   </div>
   <div class='ocr_carea' id='block_1_2' title="bbox 172 430 1305 1230">
    <p class='ocr_par' dir='ltr' id='par_1_2' title="bbox 172 430 1305 1230">
     <span class='ocr_line' id='line_1_2' title="bbox 173 430 1303 513; baseline -0.003 -17"><span class='ocrx_word' id='word_1_2' title='bbox 173 451 288 496; x_wconf 89' lang='lat' dir='ltr'><strong>narum</strong></span> <span class='ocrx_word' id='word_1_3' title='bbox 323 432 474 513; x_wconf 92' lang='lat' dir='ltr'><strong>coniungi</strong></span> <span class='ocrx_word' id='word_1_4' title='bbox 507 431 588 494; x_wconf 84' lang='lat' dir='ltr'><strong>solet</strong></span> <span class='ocrx_word' id='word_1_5' title='bbox 623 430 758 494; x_wconf 80' lang='lat' dir='ltr'>dativus,</span> <span class='ocrx_word' id='word_1_6' title='bbox 805 430 895 510; x_wconf 82' lang='lat' dir='ltr'><strong>Quae</strong></span> <span class='ocrx_word' id='word_1_7' title='bbox 922 431 1038 495; x_wconf 87' lang='lat' dir='ltr'><strong>harum</strong></span> <span class='ocrx_word' id='word_1_8' title='bbox 1060 430 1240 496; x_wconf 91' lang='lat' dir='ltr'><strong>formarum</strong></span> <span class='ocrx_word' id='word_1_9' title='bbox 1263 431 1303 494; x_wconf 89' lang='lat' dir='ltr'><strong>sit</strong></span> 
     </span>
     <span class='ocr_line' id='line_1_3' title="bbox 172 533 1303 615; baseline -0.003 -17"><span class='ocrx_word' id='word_1_10' title='bbox 172 554 249 599; x_wconf 88' lang='lat' dir='ltr'><strong>vera</strong></span> <span class='ocrx_word' id='word_1_11' title='bbox 278 535 326 598; x_wconf 89' lang='lat' dir='ltr'><strong>vis</strong></span> <span class='ocrx_word' id='word_1_12' title='bbox 349 541 447 615; x_wconf 92' lang='lat' dir='ltr'><strong>atque</strong></span> <span class='ocrx_word' id='word_1_13' title='bbox 470 534 561 614; x_wconf 88' lang='lat' dir='ltr'><strong>origo</strong></span> <span class='ocrx_word' id='word_1_14' title='bbox 584 551 691 596; x_wconf 91' lang='lat' dir='ltr'><strong>rerum</strong></span> <span class='ocrx_word' id='word_1_15' title='bbox 714 534 1000 613; x_wconf 87' lang='lat' dir='ltr'><strong>grammaticarum</strong></span> <span class='ocrx_word' id='word_1_16' title='bbox 1024 533 1200 615; x_wconf 81' lang='lat' dir='ltr'><strong>scriptores</strong></span> <span class='ocrx_word' id='word_1_17' title='bbox 1222 535 1303 597; x_wconf 90' lang='lat' dir='ltr'><strong>inter</strong></span> 
     </span>
     <span class='ocr_line' id='line_1_4' title="bbox 172 635 1303 717; baseline -0.002 -16"><span class='ocrx_word' id='word_1_18' title='bbox 172 657 207 701; x_wconf 89' lang='lat' dir='ltr'><strong>se</strong></span> <span class='ocrx_word' id='word_1_19' title='bbox 241 637 380 701; x_wconf 82' lang='lat' dir='ltr'><strong>maxime</strong></span> <span class='ocrx_word' id='word_1_20' title='bbox 414 637 645 713; x_wconf 73' lang='lat' dir='ltr'><strong>dissenserunt,</strong></span> <span class='ocrx_word' id='word_1_21' title='bbox 680 653 787 716; x_wconf 89' lang='lat' dir='ltr'><strong>neque</strong></span> <span class='ocrx_word' id='word_1_22' title='bbox 821 636 928 700; x_wconf 90' lang='lat' dir='ltr'><strong>adhuc</strong></span> <span class='ocrx_word' id='word_1_23' title='bbox 962 636 1004 700; x_wconf 92' lang='lat' dir='ltr'><strong>ad</strong></span> <span class='ocrx_word' id='word_1_24' title='bbox 1026 636 1123 700; x_wconf 89' lang='lat' dir='ltr'><strong>finem</strong></span> <span class='ocrx_word' id='word_1_25' title='bbox 1147 635 1303 717; x_wconf 90' lang='lat' dir='ltr'><strong>perducta</strong></span> 
     </span>
     <span class='ocr_line' id='line_1_5' title="bbox 173 737 1303 820; baseline -0.002 -16"><span class='ocrx_word' id='word_1_26' title='bbox 173 746 222 804; x_wconf 88' lang='lat' dir='ltr'><strong>cst</strong></span> <span class='ocrx_word' id='word_1_27' title='bbox 255 740 429 804; x_wconf 89' lang='lat' dir='ltr'><strong>contentio.</strong></span> <span class='ocrx_word' id='word_1_28' title='bbox 475 737 594 802; x_wconf 90' lang='lat' dir='ltr'><strong>Verum</strong></span> <span class='ocrx_word' id='word_1_29' title='bbox 621 745 804 820; x_wconf 90' lang='lat' dir='ltr'><strong>temporum</strong></span> <span class='ocrx_word' id='word_1_30' title='bbox 828 756 912 820; x_wconf 90' lang='lat' dir='ltr'><strong>quae</strong></span> <span class='ocrx_word' id='word_1_31' title='bbox 934 757 1021 802; x_wconf 90' lang='lat' dir='ltr'><strong>nunc</strong></span> <span class='ocrx_word' id='word_1_32' title='bbox 1043 745 1118 802; x_wconf 88' lang='lat' dir='ltr'><strong>sunt</strong></span> <span class='ocrx_word' id='word_1_33' title='bbox 1140 756 1303 819; x_wconf 89' lang='lat' dir='ltr'><strong>gramma·</strong></span> 
     </span>
     <span class='ocr_line' id='line_1_6' title="bbox 174 840 1303 922; baseline -0.003 -16"><span class='ocrx_word' id='word_1_34' title='bbox 174 844 312 906; x_wconf 90' lang='lat' dir='ltr'><strong>ticorum</strong></span> <span class='ocrx_word' id='word_1_35' title='bbox 345 841 470 922; x_wconf 87' lang='lat' dir='ltr'><strong>plurimi</strong></span> <span class='ocrx_word' id='word_1_36' title='bbox 498 859 570 904; x_wconf 90' lang='lat' dir='ltr'><strong>eam</strong></span> <span class='ocrx_word' id='word_1_37' title='bbox 596 840 735 921; x_wconf 92' lang='lat' dir='ltr'><strong>probant</strong></span> <span class='ocrx_word' id='word_1_38' title='bbox 757 841 961 919; x_wconf 82' lang='lat' dir='ltr'><strong>sententiam,</strong></span> <span class='ocrx_word' id='word_1_39' title='bbox 985 858 1049 922; x_wconf 93' lang='lat' dir='ltr'><strong>qua</strong></span> <span class='ocrx_word' id='word_1_40' title='bbox 1071 840 1263 921; x_wconf 89' lang='lat' dir='ltr'><strong>gerundium</strong></span> <span class='ocrx_word' id='word_1_41' title='bbox 1286 859 1303 903; x_wconf 94' lang='lat' dir='ltr'><strong>e</strong></span> 
     </span>
     <span class='ocr_line' id='line_1_7' title="bbox 174 943 1305 1026; baseline -0.004 -17"><span class='ocrx_word' id='word_1_42' title='bbox 174 946 350 1026; x_wconf 84' lang='lat' dir='ltr'><strong>gerundivo</strong></span> <span class='ocrx_word' id='word_1_43' title='bbox 374 945 505 1008; x_wconf 91' lang='lat' dir='ltr'><strong>ductum</strong></span> <span class='ocrx_word' id='word_1_44' title='bbox 530 962 602 1008; x_wconf 89' lang='lat' dir='ltr'><strong>esse</strong></span> <span class='ocrx_word' id='word_1_45' title='bbox 624 949 765 1024; x_wconf 92' lang='lat' dir='ltr'><strong>putatur.</strong></span> <span class='ocrx_word' id='word_1_46' title='bbox 799 944 947 1024; x_wconf 88' lang='lat' dir='ltr'><strong>Namque</strong></span> <span class='ocrx_word' id='word_1_47' title='bbox 969 943 1234 1007; x_wconf 88' lang='lat' dir='ltr'><strong>verisimillimum</strong></span> <span class='ocrx_word' id='word_1_48' title='bbox 1258 949 1305 1007; x_wconf 88' lang='lat' dir='ltr'><strong>est</strong></span> 
     </span>
     <span class='ocr_line' id='line_1_8' title="bbox 173 1046 1303 1128; baseline -0.002 -17"><span class='ocrx_word' id='word_1_49' title='bbox 173 1049 206 1111; x_wconf 95' lang='lat' dir='ltr'><strong>in</strong></span> <span class='ocrx_word' id='word_1_50' title='bbox 229 1048 337 1128; x_wconf 90' lang='lat' dir='ltr'><strong>lingua</strong></span> <span class='ocrx_word' id='word_1_51' title='bbox 358 1047 665 1127; x_wconf 90' lang='lat' dir='ltr'><strong>indogermanorum</strong></span> <span class='ocrx_word' id='word_1_52' title='bbox 690 1047 881 1128; x_wconf 89' lang='lat' dir='ltr'><strong>proethnica</strong></span> <span class='ocrx_word' id='word_1_53' title='bbox 904 1046 1003 1111; x_wconf 86' lang='lat' dir='ltr'><strong>fuisse</strong></span> <span class='ocrx_word' id='word_1_54' title='bbox 1025 1047 1220 1110; x_wconf 88' lang='lat' dir='ltr'><strong>adiectivum</strong></span> <span class='ocrx_word' id='word_1_55' title='bbox 1233 1064 1303 1110; x_wconf 91' lang='lat' dir='ltr'><strong>ver-</strong></span> 
     </span>
     <span class='ocr_line' id='line_1_9' title="bbox 174 1148 1304 1230; baseline -0.003 -17"><span class='ocrx_word' id='word_1_56' title='bbox 174 1150 246 1214; x_wconf 86' lang='lat' dir='ltr'><strong>bale</strong></span> <span class='ocrx_word' id='word_1_57' title='bbox 280 1151 313 1212; x_wconf 92' lang='lat' dir='ltr'><strong>in</strong></span> <span class='ocrx_word' id='word_1_58' title='bbox 348 1153 402 1213; x_wconf 80' lang='lat' dir='ltr'><strong>tao</strong></span> <span class='ocrx_word' id='word_1_59' title='bbox 440 1153 521 1212; x_wconf 77' lang='lat' dir='ltr'><strong>tuno</strong></span> <span class='ocrx_word' id='word_1_60' title='bbox 557 1149 676 1225; x_wconf 82' lang='lat' dir='ltr'><strong>exiens,</strong></span> <span class='ocrx_word' id='word_1_61' title='bbox 699 1150 791 1212; x_wconf 88' lang='lat' dir='ltr'><strong>cuius</strong></span> <span class='ocrx_word' id='word_1_62' title='bbox 813 1155 964 1212; x_wconf 89' lang='lat' dir='ltr'><strong>neutrum</strong></span> <span class='ocrx_word' id='word_1_63' title='bbox 988 1148 1158 1230; x_wconf 89' lang='lat' dir='ltr'><strong>singularis</strong></span> <span class='ocrx_word' id='word_1_64' title='bbox 1181 1149 1304 1213; x_wconf 91' lang='lat' dir='ltr'><strong>numeri</strong></span> 
     </span>
    </p>
   </div>
   <div class='ocr_carea' id='block_1_3' title="bbox 175 1238 1308 4017">
    <p class='ocr_par' dir='ltr' id='par_1_3' title="bbox 175 1238 1305 2685">
     <span class='ocr_line' id='line_1_10' title="bbox 175 1238 1303 1351; baseline -0.002 -19"><span class='ocrx_word' id='word_1_65' title='bbox 175 1288 234 1351; x_wconf 91' lang='lat' dir='ltr'><strong>pro</strong></span> <span class='ocrx_word' id='word_1_66' title='bbox 267 1238 471 1333; x_wconf 63' lang='lat' dir='ltr'><strong>substantivo</strong></span> <span class='ocrx_word' id='word_1_67' title='bbox 504 1275 554 1331; x_wconf 91' lang='lat' dir='ltr'><strong>est</strong></span> <span class='ocrx_word' id='word_1_68' title='bbox 587 1275 786 1349; x_wconf 88' lang='lat' dir='ltr'><strong>usurpatum.</strong></span> <span class='ocrx_word' id='word_1_69' title='bbox 830 1268 921 1333; x_wconf 88' lang='lat' dir='ltr'>Unde</span> <span class='ocrx_word' id='word_1_70' title='bbox 944 1269 976 1331; x_wconf 96' lang='lat' dir='ltr'><strong>in</strong></span> <span class='ocrx_word' id='word_1_71' title='bbox 999 1268 1106 1349; x_wconf 90' lang='lat' dir='ltr'><strong>lingua</strong></span> <span class='ocrx_word' id='word_1_72' title='bbox 1130 1269 1229 1332; x_wconf 90' lang='lat' dir='ltr'><strong>latina</strong></span> <span class='ocrx_word' id='word_1_73' title='bbox 1252 1286 1303 1331; x_wconf 93' lang='lat' dir='ltr'><strong>or-</strong></span> 
     </span>
     <span class='ocr_line' id='line_1_11' title="bbox 175 1370 1304 1453; baseline -0.003 -17"><span class='ocrx_word' id='word_1_74' title='bbox 175 1380 243 1436; x_wconf 91' lang='lat' dir='ltr'><strong>tum</strong></span> <span class='ocrx_word' id='word_1_75' title='bbox 278 1379 328 1435; x_wconf 91' lang='lat' dir='ltr'><strong>est</strong></span> <span class='ocrx_word' id='word_1_76' title='bbox 362 1371 583 1453; x_wconf 79' lang='lat' dir='ltr'><strong>gerundivum,</strong></span> <span class='ocrx_word' id='word_1_77' title='bbox 618 1371 704 1452; x_wconf 93' lang='lat' dir='ltr'><strong>quod</strong></span> <span class='ocrx_word' id='word_1_78' title='bbox 738 1370 828 1435; x_wconf 93' lang='lat' dir='ltr'><strong>initio</strong></span> <span class='ocrx_word' id='word_1_79' title='bbox 862 1372 969 1434; x_wconf 88' lang='lat' dir='ltr'><strong>activa</strong></span> <span class='ocrx_word' id='word_1_80' title='bbox 1002 1370 1236 1452; x_wconf 87' lang='lat' dir='ltr'><strong>significatione</strong></span> <span class='ocrx_word' id='word_1_81' title='bbox 1264 1370 1304 1434; x_wconf 92' lang='lat' dir='ltr'><strong>ad</strong></span> 
     </span>
     <span class='ocr_line' id='line_1_12' title="bbox 176 1473 1303 1555; baseline -0.003 -16"><span class='ocrx_word' id='word_1_82' title='bbox 176 1475 271 1539; x_wconf 92' lang='lat' dir='ltr'><strong>activi</strong></span> <span class='ocrx_word' id='word_1_83' title='bbox 294 1474 473 1554; x_wconf 88' lang='lat' dir='ltr'><strong>praesentis</strong></span> <span class='ocrx_word' id='word_1_84' title='bbox 494 1473 698 1555; x_wconf 83' lang='lat' dir='ltr'><strong>participium</strong></span> <span class='ocrx_word' id='word_1_85' title='bbox 714 1491 815 1554; x_wconf 90' lang='lat' dir='ltr'><strong>prope</strong></span> <span class='ocrx_word' id='word_1_86' title='bbox 830 1473 1019 1552; x_wconf 84' lang='lat' dir='ltr'><strong>accessisse,</strong></span> <span class='ocrx_word' id='word_1_87' title='bbox 1035 1474 1216 1555; x_wconf 90' lang='lat' dir='ltr'><strong>posteriore</strong></span> <span class='ocrx_word' id='word_1_88' title='bbox 1228 1491 1303 1537; x_wconf 89' lang='lat' dir='ltr'><strong>vero</strong></span> 
     </span>
     <span class='ocr_line' id='line_1_13' title="bbox 175 1575 1304 1658; baseline -0.001 -18"><span class='ocrx_word' id='word_1_89' title='bbox 175 1586 322 1657; x_wconf 90' lang='lat' dir='ltr'><strong>tempore</strong></span> <span class='ocrx_word' id='word_1_90' title='bbox 355 1577 518 1657; x_wconf 89' lang='lat' dir='ltr'><strong>passivam</strong></span> <span class='ocrx_word' id='word_1_91' title='bbox 541 1576 606 1638; x_wconf 91' lang='lat' dir='ltr'><strong>vim</strong></span> <span class='ocrx_word' id='word_1_92' title='bbox 629 1576 783 1656; x_wconf 90' lang='lat' dir='ltr'><strong>paulatim</strong></span> <span class='ocrx_word' id='word_1_93' title='bbox 806 1577 948 1640; x_wconf 89' lang='lat' dir='ltr'><strong>induisse</strong></span> <span class='ocrx_word' id='word_1_94' title='bbox 971 1583 1114 1658; x_wconf 87' lang='lat' dir='ltr'><strong>apparet.</strong></span> <span class='ocrx_word' id='word_1_95' title='bbox 1158 1575 1224 1641; x_wconf 88' lang='lat' dir='ltr'><strong>Sed</strong></span> <span class='ocrx_word' id='word_1_96' title='bbox 1245 1577 1304 1639; x_wconf 89' lang='lat' dir='ltr'><strong>im·</strong></span> 
     </span>
     <span class='ocr_line' id='line_1_14' title="bbox 175 1678 1301 1760; baseline -0.001 -17"><span class='ocrx_word' id='word_1_97' title='bbox 175 1679 336 1760; x_wconf 89' lang='lat' dir='ltr'><strong>personali</strong></span> <span class='ocrx_word' id='word_1_98' title='bbox 359 1685 542 1742; x_wconf 78' lang='lat' dir='ltr'><strong>structurae</strong></span> <span class='ocrx_word' id='word_1_99' title='bbox 565 1679 754 1742; x_wconf 88' lang='lat' dir='ltr'><strong>nominativi</strong></span> <span class='ocrx_word' id='word_1_100' title='bbox 777 1685 807 1742; x_wconf 89' lang='lat' dir='ltr'><strong>et</strong></span> <span class='ocrx_word' id='word_1_101' title='bbox 831 1680 1007 1742; x_wconf 88' lang='lat' dir='ltr'><strong>accusativi</strong></span> <span class='ocrx_word' id='word_1_102' title='bbox 1024 1697 1098 1742; x_wconf 87' lang='lat' dir='ltr'><strong>cum</strong></span> <span class='ocrx_word' id='word_1_103' title='bbox 1116 1678 1217 1743; x_wconf 89' lang='lat' dir='ltr'><strong>verbo</strong></span> <span class='ocrx_word' id='word_1_104' title='bbox 1230 1678 1301 1743; x_wconf 89' lang='lat' dir='ltr'><strong>sub-</strong></span> 
     </span>
     <span class='ocr_line' id='line_1_15' title="bbox 176 1781 1304 1862; baseline 0 -16"><span class='ocrx_word' id='word_1_105' title='bbox 176 1782 317 1846; x_wconf 92' lang='lat' dir='ltr'><strong>stantivo</strong></span> <span class='ocrx_word' id='word_1_106' title='bbox 339 1782 436 1862; x_wconf 87' lang='lat' dir='ltr'><strong>positi</strong></span> <span class='ocrx_word' id='word_1_107' title='bbox 458 1787 556 1862; x_wconf 91' lang='lat' dir='ltr'><strong>atque</strong></span> <span class='ocrx_word' id='word_1_108' title='bbox 580 1781 766 1861; x_wconf 84' lang='lat' dir='ltr'><strong>gerundivis</strong></span> <span class='ocrx_word' id='word_1_109' title='bbox 786 1782 1004 1862; x_wconf 90' lang='lat' dir='ltr'><strong>praedicative</strong></span> <span class='ocrx_word' id='word_1_110' title='bbox 1016 1782 1180 1862; x_wconf 89' lang='lat' dir='ltr'><strong>usurpatis</strong></span> <span class='ocrx_word' id='word_1_111' title='bbox 1192 1801 1304 1846; x_wconf 88' lang='lat' dir='ltr'><strong>ueces-</strong></span> 
     </span>
     <span class='ocr_line' id='line_1_16' title="bbox 175 1882 1303 1966; baseline 0.001 -20"><span class='ocrx_word' id='word_1_112' title='bbox 175 1886 278 1949; x_wconf 89' lang='lat' dir='ltr'><strong>sitatis</strong></span> <span class='ocrx_word' id='word_1_113' title='bbox 300 1885 365 1947; x_wconf 91' lang='lat' dir='ltr'><strong>vim</strong></span> <span class='ocrx_word' id='word_1_114' title='bbox 387 1884 592 1965; x_wconf 84' lang='lat' dir='ltr'><strong>grammatici</strong></span> <span class='ocrx_word' id='word_1_115' title='bbox 615 1882 790 1948; x_wconf 85' lang='lat' dir='ltr'><strong>attribuere</strong></span> <span class='ocrx_word' id='word_1_116' title='bbox 809 1885 922 1948; x_wconf 91' lang='lat' dir='ltr'><strong>solent.</strong></span> <span class='ocrx_word' id='word_1_117' title='bbox 956 1883 1063 1964; x_wconf 86' lang='lat' dir='ltr'><strong>Quare</strong></span> <span class='ocrx_word' id='word_1_118' title='bbox 1076 1885 1196 1963; x_wconf 68' lang='lat' dir='ltr'><strong>dativa</strong></span> <span class='ocrx_word' id='word_1_119' title='bbox 1210 1903 1303 1966; x_wconf 90' lang='lat' dir='ltr'><strong>quem</strong></span> 
     </span>
     <span class='ocr_line' id='line_1_17' title="bbox 175 1985 1305 2070; baseline 0 -20"><span class='ocrx_word' id='word_1_120' title='bbox 175 1987 275 2052; x_wconf 90' lang='lat' dir='ltr'><strong>verbo</strong></span> <span class='ocrx_word' id='word_1_121' title='bbox 310 1986 512 2051; x_wconf 88' lang='lat' dir='ltr'><strong>substantivo</strong></span> <span class='ocrx_word' id='word_1_122' title='bbox 536 1985 684 2066; x_wconf 92' lang='lat' dir='ltr'><strong>subiungi</strong></span> <span class='ocrx_word' id='word_1_123' title='bbox 706 2006 735 2066; x_wconf 86' lang='lat' dir='ltr'><strong>p.</strong></span> <span class='ocrx_word' id='word_1_124' title='bbox 758 1988 800 2051; x_wconf 80' lang='lat'><strong>85</strong></span> <span class='ocrx_word' id='word_1_125' title='bbox 823 2006 891 2067; x_wconf 87' lang='lat' dir='ltr'><strong>sqq.</strong></span> <span class='ocrx_word' id='word_1_126' title='bbox 914 1986 1061 2064; x_wconf 85' lang='lat' dir='ltr'><strong>diximus,</strong></span> <span class='ocrx_word' id='word_1_127' title='bbox 1085 1988 1112 2050; x_wconf 89' lang='lat' dir='ltr'><strong>is</strong></span> <span class='ocrx_word' id='word_1_128' title='bbox 1125 1988 1177 2051; x_wconf 89' lang='lat' dir='ltr'><strong>cui</strong></span> <span class='ocrx_word' id='word_1_129' title='bbox 1188 1988 1305 2070; x_wconf 91' lang='lat' dir='ltr'><strong>aliquid</strong></span> 
     </span>
     <span class='ocr_line' id='line_1_18' title="bbox 176 2089 1305 2172; baseline 0.001 -18"><span class='ocrx_word' id='word_1_130' title='bbox 176 2090 283 2154; x_wconf 87' lang='lat' dir='ltr'><strong>facere</strong></span> <span class='ocrx_word' id='word_1_131' title='bbox 306 2108 441 2154; x_wconf 87' lang='lat' dir='ltr'><strong>neccsse</strong></span> <span class='ocrx_word' id='word_1_132' title='bbox 464 2096 513 2153; x_wconf 88' lang='lat' dir='ltr'><strong>est</strong></span> <span class='ocrx_word' id='word_1_133' title='bbox 535 2090 668 2169; x_wconf 81' lang='lat' dir='ltr'><strong>exprimi</strong></span> <span class='ocrx_word' id='word_1_134' title='bbox 692 2090 809 2153; x_wconf 87' lang='lat' dir='ltr'><strong>dicunt.</strong></span> <span class='ocrx_word' id='word_1_135' title='bbox 852 2089 918 2153; x_wconf 92' lang='lat' dir='ltr'><strong>lam</strong></span> <span class='ocrx_word' id='word_1_136' title='bbox 947 2108 1020 2154; x_wconf 94' lang='lat' dir='ltr'><strong>cum</strong></span> <span class='ocrx_word' id='word_1_137' title='bbox 1044 2091 1172 2154; x_wconf 85' lang='lat' dir='ltr'><strong>dativus</strong></span> <span class='ocrx_word' id='word_1_138' title='bbox 1194 2109 1305 2172; x_wconf 88' lang='lat' dir='ltr'><strong>perso-</strong></span> 
     </span>
     <span class='ocr_line' id='line_1_19' title="bbox 176 2191 1305 2275; baseline 0 -18"><span class='ocrx_word' id='word_1_139' title='bbox 176 2212 237 2257; x_wconf 89' lang='lat' dir='ltr'><strong>nae</strong></span> <span class='ocrx_word' id='word_1_140' title='bbox 261 2200 293 2257; x_wconf 91' lang='lat' dir='ltr'><strong>et</strong></span> <span class='ocrx_word' id='word_1_141' title='bbox 315 2192 473 2256; x_wconf 91' lang='lat' dir='ltr'><strong>ablativus</strong></span> <span class='ocrx_word' id='word_1_142' title='bbox 497 2211 572 2255; x_wconf 90' lang='lat' dir='ltr'><strong>cum</strong></span> <span class='ocrx_word' id='word_1_143' title='bbox 595 2192 834 2273; x_wconf 85' lang='lat' dir='ltr'><strong>praepositione</strong></span> <span class='ocrx_word' id='word_1_144' title='bbox 858 2191 897 2254; x_wconf 82' lang='lat' dir='ltr'><strong>nt</strong></span> <span class='ocrx_word' id='word_1_145' title='bbox 921 2192 1115 2256; x_wconf 90' lang='lat' dir='ltr'><strong>coniunctus</strong></span> <span class='ocrx_word' id='word_1_146' title='bbox 1135 2195 1227 2273; x_wconf 89' lang='lat' dir='ltr'><strong>quasi</strong></span> <span class='ocrx_word' id='word_1_147' title='bbox 1244 2194 1305 2275; x_wconf 88' lang='lat' dir='ltr'><strong>sig-</strong></span> 
     </span>
     <span class='ocr_line' id='line_1_20' title="bbox 176 2294 1300 2375; baseline 0 -17"><span class='ocrx_word' id='word_1_148' title='bbox 176 2295 367 2359; x_wconf 87' lang='lat' dir='ltr'><strong>nificationis</strong></span> <span class='ocrx_word' id='word_1_149' title='bbox 402 2295 596 2375; x_wconf 84' lang='lat' dir='ltr'><strong>cognatione</strong></span> <span class='ocrx_word' id='word_1_150' title='bbox 618 2294 702 2357; x_wconf 87' lang='lat' dir='ltr'><strong>inter</strong></span> <span class='ocrx_word' id='word_1_151' title='bbox 724 2312 759 2357; x_wconf 88' lang='lat' dir='ltr'><strong>se</strong></span> <span class='ocrx_word' id='word_1_152' title='bbox 783 2294 941 2357; x_wconf 90' lang='lat' dir='ltr'><strong>contineri</strong></span> <span class='ocrx_word' id='word_1_153' title='bbox 963 2295 1157 2364; x_wconf 81' lang='lat' dir='ltr'><strong>viderentur.</strong></span> <span class='ocrx_word' id='word_1_154' title='bbox 1182 2296 1300 2360; x_wconf 89' lang='lat' dir='ltr'><strong>lactum</strong></span> 
     </span>
     <span class='ocr_line' id='line_1_21' title="bbox 177 2396 1304 2478; baseline -0.001 -16"><span class='ocrx_word' id='word_1_155' title='bbox 177 2406 235 2477; x_wconf 83' lang='lat' dir='ltr'><strong>est,</strong></span> <span class='ocrx_word' id='word_1_156' title='bbox 268 2405 303 2461; x_wconf 92' lang='lat' dir='ltr'><strong>ut</strong></span> <span class='ocrx_word' id='word_1_157' title='bbox 332 2396 491 2461; x_wconf 89' lang='lat' dir='ltr'><strong>ablativus</strong></span> <span class='ocrx_word' id='word_1_158' title='bbox 514 2398 556 2461; x_wconf 90' lang='lat' dir='ltr'><strong>ad</strong></span> <span class='ocrx_word' id='word_1_159' title='bbox 578 2398 623 2460; x_wconf 92' lang='lat' dir='ltr'><strong>rei</strong></span> <span class='ocrx_word' id='word_1_160' title='bbox 646 2396 791 2477; x_wconf 89' lang='lat' dir='ltr'><strong>agendae</strong></span> <span class='ocrx_word' id='word_1_161' title='bbox 814 2403 982 2461; x_wconf 88' lang='lat' dir='ltr'><strong>auctorem</strong></span> <span class='ocrx_word' id='word_1_162' title='bbox 1004 2397 1250 2478; x_wconf 85' lang='lat' dir='ltr'><strong>significandum</strong></span> <span class='ocrx_word' id='word_1_163' title='bbox 1273 2405 1304 2463; x_wconf 91' lang='lat' dir='ltr'><strong>et</strong></span> 
     </span>
     <span class='ocr_line' id='line_1_22' title="bbox 177 2500 1302 2565; baseline 0.001 -2"><span class='ocrx_word' id='word_1_164' title='bbox 177 2501 403 2564; x_wconf 87' lang='lat' dir='ltr'><strong>concinnitatis</strong></span> <span class='ocrx_word' id='word_1_165' title='bbox 439 2519 539 2564; x_wconf 85' lang='lat' dir='ltr'><strong>causa</strong></span> <span class='ocrx_word' id='word_1_166' title='bbox 573 2507 605 2563; x_wconf 88' lang='lat' dir='ltr'><strong>et</strong></span> <span class='ocrx_word' id='word_1_167' title='bbox 638 2500 680 2563; x_wconf 92' lang='lat' dir='ltr'><strong>ad</strong></span> <span class='ocrx_word' id='word_1_168' title='bbox 713 2519 908 2564; x_wconf 91' lang='lat' dir='ltr'><strong>concursum</strong></span> <span class='ocrx_word' id='word_1_169' title='bbox 932 2500 1114 2564; x_wconf 89' lang='lat' dir='ltr'><strong>dativorum</strong></span> <span class='ocrx_word' id='word_1_170' title='bbox 1138 2501 1302 2565; x_wconf 88' lang='lat' dir='ltr'><strong>vitandum</strong></span> 
     </span>
     <span class='ocr_line' id='line_1_23' title="bbox 177 2601 697 2685; baseline -0.004 -18"><span class='ocrx_word' id='word_1_171' title='bbox 177 2622 422 2683; x_wconf 90' lang='lat' dir='ltr'><strong>nonnumquam</strong></span> <span class='ocrx_word' id='word_1_172' title='bbox 445 2601 651 2667; x_wconf 87' lang='lat' dir='ltr'><strong>adhiberetur</strong></span> <span class='ocrx_word' id='word_1_173' title='bbox 664 2603 697 2685; x_wconf 86' lang='lat'><strong>¹).</strong></span> 
     </span>
    </p>

    <p class='ocr_par' dir='ltr' id='par_1_4' title="bbox 178 2704 1308 3895">
     <span class='ocr_line' id='line_1_24' title="bbox 280 2704 1304 2786; baseline 0.001 -18"><span class='ocrx_word' id='word_1_174' title='bbox 280 2705 374 2786; x_wconf 86' lang='lat' dir='ltr'><strong>Apud</strong></span> <span class='ocrx_word' id='word_1_175' title='bbox 406 2704 588 2768; x_wconf 89' lang='lat' dir='ltr'><strong>Lucretium</strong></span> <span class='ocrx_word' id='word_1_176' title='bbox 610 2704 795 2785; x_wconf 89' lang='lat' dir='ltr'><strong>gerundio</strong></span> <span class='ocrx_word' id='word_1_177' title='bbox 818 2723 891 2768; x_wconf 92' lang='lat' dir='ltr'><strong>cum</strong></span> <span class='ocrx_word' id='word_1_178' title='bbox 917 2725 984 2769; x_wconf 87' lang='grc'><em>6336</em></span> <span class='ocrx_word' id='word_1_179' title='bbox 1008 2704 1106 2770; x_wconf 91' lang='lat' dir='ltr'><strong>verbo</strong></span> <span class='ocrx_word' id='word_1_180' title='bbox 1130 2707 1304 2772; x_wconf 90' lang='lat' dir='ltr'><strong>coniuncto</strong></span> 
     </span>
     <span class='ocr_line' id='line_1_25' title="bbox 178 2807 1305 2887; baseline 0 -16"><span class='ocrx_word' id='word_1_181' title='bbox 178 2808 305 2872; x_wconf 90' lang='lat' dir='ltr'><strong>additus</strong></span> <span class='ocrx_word' id='word_1_182' title='bbox 338 2808 464 2871; x_wconf 91' lang='lat' dir='ltr'><strong>dativus</strong></span> <span class='ocrx_word' id='word_1_183' title='bbox 498 2808 547 2871; x_wconf 89' lang='lat' dir='ltr'><strong>his</strong></span> <span class='ocrx_word' id='word_1_184' title='bbox 581 2807 661 2871; x_wconf 89' lang='lat' dir='ltr'><strong>locis</strong></span> <span class='ocrx_word' id='word_1_185' title='bbox 689 2807 841 2871; x_wconf 90' lang='lat' dir='ltr'><strong>occurrit:</strong></span> <span class='ocrx_word' id='word_1_186' title='bbox 875 2808 970 2873; x_wconf 78' lang='grc'><em>1621</em></span> <span class='ocrx_word' id='word_1_187' title='bbox 994 2807 1063 2871; x_wconf 84' lang='grc'><em>1116</em></span> <span class='ocrx_word' id='word_1_188' title='bbox 1085 2828 1216 2887; x_wconf 82' lang='lat' dir='ltr'><strong>quoque</strong></span> <span class='ocrx_word' id='word_1_189' title='bbox 1241 2829 1305 2873; x_wconf 88' lang='grc'><em>6336</em></span> 
     </span>
     <span class='ocr_line' id='line_1_26' title="bbox 179 2907 1306 2989; baseline 0 -16"><span class='ocrx_word' id='word_1_190' title='bbox 179 2909 248 2973; x_wconf 75' lang='lat' dir='ltr'><strong>tttz&#39;</strong></span> <span class='ocrx_word' id='word_1_191' title='bbox 281 2909 388 2973; x_wconf 79' lang='lat' dir='ltr'><strong>solido</strong></span> <span class='ocrx_word' id='word_1_192' title='bbox 421 2914 520 2989; x_wconf 76' lang='lat' dir='ltr'><strong>utque</strong></span> <span class='ocrx_word' id='word_1_193' title='bbox 555 2913 691 2974; x_wconf 73' lang='lat' dir='ltr'><strong>aeterno</strong></span> <span class='ocrx_word' id='word_1_194' title='bbox 725 2907 918 2987; x_wconf 78' lang='lat' dir='ltr'><strong>fotendum:</strong></span> <span class='ocrx_word' id='word_1_195' title='bbox 941 2910 979 2974; x_wconf 97' lang='lat' dir='ltr'><strong>lll</strong></span> <span class='ocrx_word' id='word_1_196' title='bbox 1002 2911 1063 2974; x_wconf 75' lang='lat'><strong>837</strong></span> <span class='ocrx_word' id='word_1_197' title='bbox 1087 2913 1239 2974; x_wconf 77' lang='lat' dir='ltr'><strong>utrorruu</strong></span> <span class='ocrx_word' id='word_1_198' title='bbox 1264 2911 1306 2974; x_wconf 86' lang='lat' dir='ltr'><strong>ud</strong></span> 
     </span>
     <span class='ocr_line' id='line_1_27' title="bbox 178 3010 1305 3095; baseline 0.001 -22"><span class='ocrx_word' id='word_1_199' title='bbox 178 3032 284 3095; x_wconf 71' lang='lat' dir='ltr'><strong>ragau</strong></span> <span class='ocrx_word' id='word_1_200' title='bbox 307 3012 494 3075; x_wconf 83' lang='lat' dir='ltr'><strong>cudcttdruu</strong></span> <span class='ocrx_word' id='word_1_201' title='bbox 519 3010 707 3077; x_wconf 72' lang='lat' dir='ltr'><strong>Omnibus</strong></span> <span class='ocrx_word' id='word_1_202' title='bbox 730 3010 912 3074; x_wconf 77' lang='lat' dir='ltr'><strong>bttututrt‘s</strong></span> <span class='ocrx_word' id='word_1_203' title='bbox 936 3015 1019 3076; x_wconf 75' lang='lat' dir='ltr'><strong>essct</strong></span> <span class='ocrx_word' id='word_1_204' title='bbox 1041 3011 1305 3091; x_wconf 72' lang='grc'><em>1666666666-</em></span> 
     </span>
     <span class='ocr_line' id='line_1_28' title="bbox 180 3113 1306 3196; baseline 0.003 -20"><span class='ocrx_word' id='word_1_205' title='bbox 180 3134 260 3194; x_wconf 76' lang='lat' dir='ltr'><strong>que:</strong></span> <span class='ocrx_word' id='word_1_206' title='bbox 293 3115 355 3180; x_wconf 80' lang='grc'><strong>866</strong></span> <span class='ocrx_word' id='word_1_207' title='bbox 390 3113 482 3178; x_wconf 75' lang='lat' dir='ltr'><strong>Scire</strong></span> <span class='ocrx_word' id='word_1_208' title='bbox 519 3113 593 3178; x_wconf 77' lang='lat' dir='ltr'><strong>licet</strong></span> <span class='ocrx_word' id='word_1_209' title='bbox 623 3113 735 3178; x_wconf 74' lang='lat' dir='ltr'><strong>uobis</strong></span> <span class='ocrx_word' id='word_1_210' title='bbox 757 3113 808 3178; x_wconf 75' lang='grc'><em>611</em></span> <span class='ocrx_word' id='word_1_211' title='bbox 831 3135 898 3178; x_wconf 88' lang='grc'><em>6336</em></span> <span class='ocrx_word' id='word_1_212' title='bbox 921 3114 958 3179; x_wconf 79' lang='lat' dir='ltr'><strong>iu</strong></span> <span class='ocrx_word' id='word_1_213' title='bbox 980 3115 1306 3196; x_wconf 57' lang='lat' dir='ltr'><strong>mendantensium</strong></span> 
     </span>
     <span class='ocr_line' id='line_1_29' title="bbox 178 3216 1306 3296; baseline 0.001 -16"><span class='ocrx_word' id='word_1_214' title='bbox 178 3218 220 3280; x_wconf 91' lang='lat' dir='ltr'><strong>IV</strong></span> <span class='ocrx_word' id='word_1_215' title='bbox 255 3219 314 3282; x_wconf 83' lang='grc'><strong>717</strong></span> <span class='ocrx_word' id='word_1_216' title='bbox 349 3217 520 3296; x_wconf 70' lang='grc'><em>66116666</em></span> <span class='ocrx_word' id='word_1_217' title='bbox 556 3216 667 3280; x_wconf 74' lang='lat' dir='ltr'><strong>uobis</strong></span> <span class='ocrx_word' id='word_1_218' title='bbox 701 3216 957 3296; x_wconf 73' lang='lat' dir='ltr'><strong>Uldrundumsts</strong></span> <span class='ocrx_word' id='word_1_219' title='bbox 990 3220 1053 3282; x_wconf 79' lang='lat'><strong>922</strong></span> <span class='ocrx_word' id='word_1_220' title='bbox 1090 3217 1175 3282; x_wconf 79' lang='lat' dir='ltr'><strong>Tum</strong></span> <span class='ocrx_word' id='word_1_221' title='bbox 1198 3218 1306 3284; x_wconf 75' lang='lat' dir='ltr'><strong>uobis</strong></span> 
     </span>
     <span class='ocr_line' id='line_1_30' title="bbox 181 3318 1306 3403; baseline 0.009 -27"><span class='ocrx_word' id='word_1_222' title='bbox 181 3319 329 3383; x_wconf 72' lang='grc'><em>66166661</em></span> <span class='ocrx_word' id='word_1_223' title='bbox 347 3319 581 3398; x_wconf 79' lang='lat' dir='ltr'><strong>perturbatura</strong></span> <span class='ocrx_word' id='word_1_224' title='bbox 605 3318 1070 3400; x_wconf 73' lang='grc'><em>6336661666166631;11752</em></span> <span class='ocrx_word' id='word_1_225' title='bbox 1095 3320 1163 3382; x_wconf 73' lang='lat' dir='ltr'><strong>titt</strong></span> <span class='ocrx_word' id='word_1_226' title='bbox 1181 3326 1306 3403; x_wconf 82' lang='lat' dir='ltr'><strong>putau-</strong></span> 
     </span>
     <span class='ocr_line' id='line_1_31' title="bbox 181 3420 1306 3503; baseline 0.004 -20"><span class='ocrx_word' id='word_1_227' title='bbox 181 3422 307 3499; x_wconf 73' lang='lat' dir='ltr'><strong>drurmt:</strong></span> <span class='ocrx_word' id='word_1_228' title='bbox 330 3421 358 3483; x_wconf 94' lang='lat' dir='ltr'>V</span> <span class='ocrx_word' id='word_1_229' title='bbox 379 3422 421 3486; x_wconf 84' lang='lat'><strong>43</strong></span> <span class='ocrx_word' id='word_1_230' title='bbox 444 3441 530 3500; x_wconf 78' lang='lat' dir='ltr'><strong>qrtue</strong></span> <span class='ocrx_word' id='word_1_231' title='bbox 547 3420 679 3502; x_wconf 79' lang='lat' dir='ltr'><strong>proelio</strong></span> <span class='ocrx_word' id='word_1_232' title='bbox 702 3420 812 3485; x_wconf 70' lang='grc' dir='ltr'><em>661ιὶ3</em></span> <span class='ocrx_word' id='word_1_233' title='bbox 835 3425 943 3501; x_wconf 81' lang='lat' dir='ltr'><strong>Atque</strong></span> <span class='ocrx_word' id='word_1_234' title='bbox 960 3421 1115 3503; x_wconf 70' lang='lat' dir='ltr'><strong>petirulu</strong></span> <span class='ocrx_word' id='word_1_235' title='bbox 1139 3427 1243 3487; x_wconf 76' lang='lat' dir='ltr'><strong>transt</strong></span> <span class='ocrx_word' id='word_1_236' title='bbox 1259 3424 1306 3488; x_wconf 83' lang='lat' dir='ltr'><strong>iu-</strong></span> 
     </span>
     <span class='ocr_line' id='line_1_32' title="bbox 179 3522 1308 3607; baseline 0.002 -21"><span class='ocrx_word' id='word_1_237' title='bbox 179 3523 285 3605; x_wconf 73' lang='lat' dir='ltr'><strong>qrutio</strong></span> <span class='ocrx_word' id='word_1_238' title='bbox 308 3522 575 3589; x_wconf 78' lang='lat' dir='ltr'><strong>iusinrtundturt!</strong></span> <span class='ocrx_word' id='word_1_239' title='bbox 597 3526 657 3588; x_wconf 81' lang='lat'><strong>511</strong></span> <span class='ocrx_word' id='word_1_240' title='bbox 683 3523 740 3587; x_wconf 77' lang='lat' dir='ltr'><strong>Ex</strong></span> <span class='ocrx_word' id='word_1_241' title='bbox 761 3528 905 3603; x_wconf 81' lang='lat' dir='ltr'><strong>utruque</strong></span> <span class='ocrx_word' id='word_1_242' title='bbox 924 3524 1038 3604; x_wconf 81' lang='lat' dir='ltr'><strong>polum</strong></span> <span class='ocrx_word' id='word_1_243' title='bbox 1051 3525 1146 3605; x_wconf 76' lang='lat' dir='ltr'><strong>parti</strong></span> <span class='ocrx_word' id='word_1_244' title='bbox 1157 3544 1308 3607; x_wconf 79' lang='lat' dir='ltr'><strong>premere</strong></span> 
     </span>
     <span class='ocr_line' id='line_1_33' title="bbox 182 3625 1307 3703; baseline 0.004 -15"><span class='ocrx_word' id='word_1_245' title='bbox 182 3634 256 3689; x_wconf 70' lang='grc'><em>6666</em></span> <span class='ocrx_word' id='word_1_246' title='bbox 283 3625 393 3690; x_wconf 78' lang='lat' dir='ltr'><strong>nobis</strong></span> <span class='ocrx_word' id='word_1_247' title='bbox 416 3626 608 3691; x_wconf 78' lang='lat' dir='ltr'><strong>Dicendtutt</strong></span> <span class='ocrx_word' id='word_1_248' title='bbox 632 3629 695 3703; x_wconf 61' lang='lat' dir='ltr'><strong>cst·</strong></span> <span class='ocrx_word' id='word_1_249' title='bbox 717 3627 758 3691; x_wconf 91' lang='lat' dir='ltr'><strong>VI</strong></span> <span class='ocrx_word' id='word_1_250' title='bbox 780 3629 840 3691; x_wconf 79' lang='grc'><em>641</em></span> <span class='ocrx_word' id='word_1_251' title='bbox 865 3626 965 3690; x_wconf 74' lang='lat' dir='ltr'><strong>Hisce</strong></span> <span class='ocrx_word' id='word_1_252' title='bbox 991 3626 1241 3693; x_wconf 73' lang='grc'><em>6161666163</em></span> <span class='ocrx_word' id='word_1_253' title='bbox 1264 3629 1307 3693; x_wconf 85' lang='grc'><strong>16-</strong></span> 
     </span>
     <span class='ocr_line' id='line_1_34' title="bbox 182 3727 1307 3812; baseline 0.003 -23"><span class='ocrx_word' id='word_1_254' title='bbox 182 3732 243 3791; x_wconf 80' lang='grc'><em>1631</em></span> <span class='ocrx_word' id='word_1_255' title='bbox 276 3728 405 3807; x_wconf 77' lang='lat' dir='ltr'><strong>ultaque</strong></span> <span class='ocrx_word' id='word_1_256' title='bbox 438 3728 618 3793; x_wconf 78' lang='lat' dir='ltr'><strong>uidendum</strong></span> <span class='ocrx_word' id='word_1_257' title='bbox 653 3727 701 3791; x_wconf 86' lang='lat' dir='ltr'><strong>Et</strong></span> <span class='ocrx_word' id='word_1_258' title='bbox 734 3728 829 3809; x_wconf 75' lang='grc'><em>16666</em></span> <span class='ocrx_word' id='word_1_259' title='bbox 857 3729 1307 3812; x_wconf 72' lang='grc'><em>66661636666613611361-</em></span> 
     </span>
     <span class='ocr_line' id='line_1_35' title="bbox 182 3829 345 3895; baseline 0.006 -2"><span class='ocrx_word' id='word_1_260' title='bbox 182 3829 345 3895; x_wconf 78' lang='lat' dir='ltr'><strong>ciendum.</strong></span> 
     </span>
    </p>

    <p class='ocr_par' dir='ltr' id='par_1_5' title="bbox 283 3933 1308 4017">
     <span class='ocr_line' id='line_1_36' title="bbox 283 3933 1308 4017; baseline -0.001 -19"><span class='ocrx_word' id='word_1_261' title='bbox 283 3933 364 3998; x_wconf 89' lang='lat' dir='ltr'><strong>Cum</strong></span> <span class='ocrx_word' id='word_1_262' title='bbox 380 3933 590 4014; x_wconf 87' lang='lat' dir='ltr'><strong>gerundivo</strong></span> <span class='ocrx_word' id='word_1_263' title='bbox 606 3933 823 4014; x_wconf 89' lang='lat' dir='ltr'><strong>praedicative</strong></span> <span class='ocrx_word' id='word_1_264' title='bbox 840 3935 945 4016; x_wconf 90' lang='lat' dir='ltr'><strong>posito</strong></span> <span class='ocrx_word' id='word_1_265' title='bbox 961 3937 1074 4016; x_wconf 90' lang='lat' dir='ltr'><strong>paucis</strong></span> <span class='ocrx_word' id='word_1_266' title='bbox 1086 3943 1213 4000; x_wconf 92' lang='lat' dir='ltr'><strong>tantum</strong></span> <span class='ocrx_word' id='word_1_267' title='bbox 1226 3935 1308 4017; x_wconf 92' lang='lat' dir='ltr'><strong>apud</strong></span> 
     </span>
    </p>
   </div>
   <div class='ocr_carea' id='block_1_4' title="bbox 284 4134 750 4204">
    <p class='ocr_par' dir='ltr' id='par_1_6' title="bbox 284 4134 750 4204">
     <span class='ocr_line' id='line_1_37' title="bbox 284 4134 750 4204; baseline 0.002 -17"><span class='ocrx_word' id='word_1_268' title='bbox 284 4140 305 4202; x_wconf 82' lang='lat'><strong>¹)</strong></span> <span class='ocrx_word' id='word_1_269' title='bbox 324 4134 371 4187; x_wconf 84' lang='lat' dir='ltr'><strong>Cir</strong></span> <span class='ocrx_word' id='word_1_270' title='bbox 388 4134 595 4189; x_wconf 84' lang='lat' dir='ltr'><strong>Suellmanus</strong></span> <span class='ocrx_word' id='word_1_271' title='bbox 613 4152 639 4203; x_wconf 92' lang='lat' dir='ltr'><strong>p.</strong></span> <span class='ocrx_word' id='word_1_272' title='bbox 658 4137 674 4187; x_wconf 89' lang='lat'><strong>9</strong></span> <span class='ocrx_word' id='word_1_273' title='bbox 693 4151 750 4204; x_wconf 89' lang='lat' dir='ltr'><strong>sqq.</strong></span> 
     </span>
    </p>
   </div>
   <div class='ocr_carea' id='block_1_5' title="bbox 0 0 1495 4890">
    <p class='ocr_par' dir='ltr' id='par_1_7' title="bbox 0 0 1495 4890">
     <span class='ocr_line' id='line_1_38' title="bbox 0 0 1495 4890; baseline 0 0"><span class='ocrx_word' id='word_1_274' title='bbox 0 0 1495 4890; x_wconf 95' lang='lat' dir='ltr'><strong> </strong></span> 
     </span>
    </p>
   </div>
  </div>
 </body>
</html>
