2964 4890
1219 200 1261 265 23

280 388 327 454 Da
358 390 409 454 bis
441 390 548 456 verbis
581 411 655 457 cum
679 394 748 457 aliis
771 391 901 458 casibus
924 391 1104 457 coniunctis
1127 407 1220 470 agam
1243 388 1305 453 sub

175 491 326 570 genetivo
359 499 392 557 et
423 493 574 559 ablativo.
620 496 667 561 De
689 496 851 561 locutione
873 516 955 559 7773
979 499 1027 559 737
1048 493 1198 560 conferas
1221 510 1305 574 quae

177 591 239 656 sub
260 594 417 660 addendis
439 596 604 662 disseram.

278 696 448 763 Accedunt
469 700 550 765 baec
572 700 687 766 verba:

279 802 412 880 allicere,
435 821 633 885 quamquam
656 805 761 869 active
783 823 856 869 cum
880 803 1066 869 accusativo
1089 802 1303 866 777777177-

174 902 271 983 gitur,
304 904 467 984 passivam
500 905 638 971 formam
672 906 818 989 praebet:
851 906 876 971 ll
905 909 965 972 156
990 905 1244 986 Quapropter·
1262 938 1296 953 ··

177 1008 274 1069 77777
297 1003 517 1089 0777777777·
539 1008 581 1074 IV
603 1011 665 1076 763
689 1010 778 1090 quod
800 1029 911 1074 777773
934 1008 1087 1090 Corporis
1107 1006 1214 1091 offecti
1228 1027 1302 1072 eert-

175 1128 234 1173 373
262 1128 328 1188 per
359 1110 505 1175 membro
538 1112 730 1192 7777777777·
763 1113 791 1178 V
824 1116 886 1179 776
921 1112 1032 1192 Quove
1054 1112 1147 1176 modo
1164 1114 1305 1191 possent

176 1209 290 1294 offecto
325 1209 451 1278 77777777
484 1214 580 1280 obire.
625 1216 782 1282 Absolute
815 1221 989 1298 usurpatur
1021 1214 1182 1279 hislccis:
1205 1213 1299 1279 1337

175 1332 323 1394 nomque
356 1314 503 1399 officium
530 1318 619 1397 quod
652 1318 796 1400 corporis
824 1323 940 1399 coortat,
965 1316 1106 1402 Officers
1129 1320 1228 1396 77777
1250 1314 1302 1380 ob-

176 1420 284 1493 77777·
305 1417 405 1483 Η784
420 1417 601 1484 Praetereo
623 1420 673 1485 777
685 1420 839 1504 officiant
850 1421 1043 1501 obstantque
1053 1419 1183 1503 liparae
1194 1416 1302 1482 Dissi-

174 1518 349 1596 77777717
371 1521 432 1585 371
456 1541 525 1601 quo
547 1542 686 1603 comque
708 1527 855 1588 77777773
879 1522 1070 1608 officiosam·
1091 1522 1197 1587 v718
1213 1520 1302 1601 qood

175 1618 287 1700 777777
319 1626 351 1685 77
384 1643 455 1689 7777
487 1624 632 1689 Labitur
654 1626 849 1691 omnimodis
872 1645 1049 1691 occursans
1072 1624 1302 1709 7777777777·

175 1722 218 1786 Vl
243 1725 308 1789 449
329 1725 411 1804 poio
426 1761 434 1777 ·
451 1761 458 1776 ·
477 1762 484 1777 ·
502 1727 623 1793 7777773
641 1763 648 1778 ·
667 1733 830 1794 7777737777
859 1728 1000 1814 07777777
1022 1728 1061 1794 ia
1084 1728 1196 1804 777777·
1218 1727 1304 1793 *755

177 1824 245 1889 Sed
266 1831 394 1892 7777777
418 1828 477 1893 loci
499 1830 532 1893 vo'
555 1830 628 1895 7777
651 1830 755 1916 officit
775 1831 850 1913 7777
872 1836 1001 1913 serapte,
1017 1832 1057 1896 de
1073 1850 1137 1913 quo
1152 1829 1302 1896 conferas

177 1927 239 1992 sub
272 1929 388 1995 dativo.
431 1931 605 1999 Praeterea
637 1935 674 1999 *l
706 1938 779 2015 977,
812 1935 866 1999 ubi
902 1935 1130 1999 Lachmaunus
1161 1940 1195 1998 et
1224 1933 1303 1998 Ber·

177 2032 310 2115 navsius
341 2035 510 2116 praebent:
544 2037 632 2102 Nom
657 2037 725 2103 7777
759 2043 807 2102 737
839 2037 959 2118 aliquit
990 2037 1079 2118 quod
1100 2035 1240 2118 probeat
1261 2034 1304 2116 of-

175 2132 333 2214 [77777777
366 2136 438 2216 Quo
471 2138 578 2204 777777
612 2161 675 2220 quo
709 2140 846 2205 77773777
870 2144 918 2205 737
943 2139 1057 2205 777777
1076 2138 1203 2219 finique
1226 2138 1306 2202 77777

177 2257 223 2319 77,
257 2237 372 2304 llunro
405 2247 438 2304 et
467 2241 598 2323 Brieger
610 2243 634 2326 ¹)
669 2242 810 2335 Gryphio
842 2250 876 2310 ot
908 2242 1065 2308 Lambiuo
1099 2242 1235 2307 ducibus
1257 2239 1303 2321 of·

177 2338 333 2422 77777777
355 2344 561 2426 scripserunt.

282 2464 402 2510 nocere.
423 2446 462 2511 lll
484 2449 546 2513 823
563 2449 664 2530 prius
687 2469 788 2529 quom
810 2449 906 2529 quid
927 2453 1071 2514 77777777
1090 2447 1212 2513 37777777
1229 2468 1305 2528 777-

180 2566 296 2622 77777·
327 2548 357 2613 V
378 2550 419 2613 38
442 2550 537 2630 quid
561 2553 695 2617 77777777
718 2552 794 2616 7777
816 2551 993 2618 nocerent?
1011 2551 1056 2617 Vl
1078 2554 1140 2618 386
1158 2551 1306 2631 Quidve

179 2669 299 2714 nocere
321 2656 422 2730 queat
443 2653 483 2716 77
506 2654 592 2718 coelo
615 2653 770 2734 fulminis
791 2654 886 2736 ictos,
899 2657 959 2720 nisi
971 2656 1177 2721 accusativus
1187 2655 1306 2718 rectius

180 2770 241 2835 pro
263 2754 438 2821 adverbiali
459 2757 628 2822 habendus
650 2765 709 2823 est.

283 2876 420 2938 parcere.
442 2860 467 2923 ll
492 2862 573 2926 1163
599 2860 711 2941 Usque
731 2863 811 2927 77777
827 2866 980 2943 porcani
996 2858 1100 2942 fotus
1116 2863 1305 2943 cuperetque

183 2959 305 3025 777777.
340 2961 410 3027 7777
433 2963 506 3029 1777
528 2964 668 3046 Brieger‚
694 2966 847 3047 quoniam
870 2968 997 3049 oopcot
1016 2964 1216 3028 intransitive
1230 2963 1307 3045 poni

182 3080 281 3143 posse
314 3070 411 3145 negat
443 3065 521 3130 Phil.
555 3067 642 3133 XXV
675 3088 705 3150 p.
738 3069 781 3134 90
810 3087 867 3150 sq.‚
890 3068 923 3132 in
945 3086 1058 3133 versus
1079 3066 1143 3132 fine
1165 3065 1307 3130 77777777

182 3166 373 3231 coniectura
404 3169 545 3250 praebet.
589 3170 709 3236 Verum
737 3191 757 3236 7
785 3169 932 3236 versibus
964 3168 1230 3236 antecedentibus
1258 3169 1308 3232 in-

183 3269 297 3351 primis
318 3288 369 3333 vv.
390 3273 477 3338 1159
499 3291 546 3354 sq.
567 3271 652 3354 Ipso
675 3273 767 3338 777777
788 3273 894 3338 7777773
915 3273 1004 3354 fotor
1026 3276 1058 3338 77
1062 3271 1193 3354 pabulo
1205 3271 1309 3348 77777·

184 3371 282 3451 Quae
314 3393 408 3438 777777
440 3375 498 3439 7777
528 3379 640 3440 nostro
672 3375 904 3460 pooodoecortt
925 3381 1024 3441 77777
1046 3375 1154 3440 labore
1176 3380 1310 3456 apparet

185 3479 317 3556 poetam
340 3475 404 3541 hoc
427 3496 556 3560 quoque
576 3497 674 3544 versu
696 3480 802 3544 dicere
823 3479 964 3544 voluisse
975 3497 1055 3544 arva
1066 3478 1108 3542 ad
1119 3477 1202 3542 letus
1213 3493 1311 3559 parce

185 3579 407 3660 procreandos
428 3587 462 3646 et
484 3582 650 3663 augendos
672 3583 733 3646 nisi
755 3581 866 3647 labore
888 3581 1056 3646 hominum
1078 3582 1143 3645 iam
1158 3580 1231 3660 cogi
1244 3596 1312 3644 non

186 3699 294 3764 posse,
327 3701 403 3747 cum
436 3690 534 3750 antea
565 3703 625 3749 sua
657 3691 774 3767 sponte
806 3684 996 3749 mortalibus
1023 3684 1133 3748 omnia
1158 3682 1313 3747 dederint.

186 3786 271 3851 Nam
304 3787 471 3851 Lucretius
500 3789 649 3870 primum,
672 3789 718 3853 uti
741 3788 837 3870 paulo
859 3794 933 3870 post
955 3807 980 3851 s.
1003 3806 1031 3851 v.
1057 3784 1241 3850 7773777777
1262 3783 1313 3849 iu-

187 3891 257 3955 sius
290 3891 471 3970 emendam,
505 3893 604 3975 priori
636 3891 737 3957 verbo
762 3892 986 3956 accusativum
1007 3886 1238 3956 accommodat
1261 3888 1315 3971 qui

293 4065 315 4132 ¹)
331 4063 444 4132 Brieger
461 4063 489 4116 iu
506 4063 704 4132 prolegomenis
722 4061 875 4130 officiotpue
893 4060 1039 4115 defendere
1057 4059 1172 4123 videtur,
1191 4059 1218 4113 iu
1237 4064 1314 4113 textu

189 4148 343 4218 efficiatque
360 4148 479 4215 imprimi
498 4149 584 4201 iussit.
603 4179 636 4186 -
655 4147 800 4202 Praeterea
817 4147 940 4200 conferas
961 4144 1193 4200 Kraetsohium
1212 4161 1237 4213 p.
1249 4145 1315 4212 deq.
