2964 4890
221 235 263 300 30

177 423 216 487 ΙΙΙ
242 425 305 488 699
330 421 426 500 Qnod
447 420 476 484 et
499 419 582 501 forte
599 423 704 500 palas
727 455 733 468 ·
753 455 759 466 ·
778 455 784 468 ·
806 419 1014 484 Permanere
1037 418 1187 484 animam
1208 417 1304 483 noble

173 545 238 606 per
270 524 416 588 membra
447 523 566 597 ealere;
594 522 635 587 lV
664 522 724 587 198
746 520 844 602 factle
867 525 905 584 nt
926 557 932 570 ·
952 557 958 570 ·
978 557 984 568 ·
1007 525 1134 602 queant
1151 555 1159 571 ·
1178 555 1185 571 ·
1207 520 1306 601 qnasi

173 647 379 709 permanare
407 647 472 707 per
506 625 592 690 ae're'e
626 625 849 690 intervallum.
880 624 932 689 ln:
963 623 1244 690 13481nsam'e
1266 642 1306 688 aa

178 728 345 810 spelnncls
375 732 557 810 permanat
589 748 755 809 aquaram
788 727 956 808 Ltqaldns
979 747 1082 791 amar.
1112 727 1171 790 ad:
1207 725 1307 793 1355

178 832 326 916 repletam
354 835 538 913 permanat
568 829 679 915 frlpns
713 831 758 895 ad
792 850 874 895 ossa.
918 830 1088 895 Accedunt
1114 830 1148 894 hi
1169 830 1245 895 loci:
1267 829 1306 893 ΠΙ

179 938 242 1002 253
275 935 342 1000 Nec
365 970 423 985 ···
446 934 509 999 tac
531 971 538 984 ·
562 955 667 1015 resque
694 938 805 1014 potest
824 968 831 983 ·
850 969 882 984 ··
905 954 979 998 acre
1006 933 1214 998 Permanere
1236 951 1306 996 ma·

180 1039 266 1117 lam,·
302 1041 361 1104 701
400 1037 496 1116 Quod
522 1039 707 1118 permanat
739 1035 827 1101 enlm
854 1035 1061 1114 dissolvitra·,·
1084 1035 1125 1100 Vl
1147 1037 1211 1102 952
1227 1053 1305 1115 per-

180 1144 298 1205 manat
320 1141 399 1204 oelor
419 1137 594 1223 frtpnsqne
616 1159 782 1219 vaposque
803 1137 911 1222 Ipnls.

283 1249 462 1324 persultare.
495 1242 508 1305 l
544 1245 583 1306 15
614 1240 703 1306 Inde
735 1238 828 1320 ferae
856 1241 1002 1321 pecudes
1024 1240 1219 1321 persultant
1233 1259 1306 1320 pa-

181 1346 272 1409 bala
295 1346 406 1409 laeta.

266 1453 444 1529 pervadere.
477 1447 515 1510 *1
538 1448 601 1512 555
627 1446 672 1511 Ut
693 1445 744 1510 ntl
767 1466 807 1510 ere
829 1444 894 1510 aas
918 1465 939 1508 a
961 1448 1045 1509 certa
1071 1448 1212 1525 tempore
1229 1464 1307 1524 pas-

181 1553 231 1614 set
251 1549 451 1631 Conceptnm
473 1568 603 1613 samma
626 1548 745 1612 aetatis
761 1549 947 1629 pervadere
969 1545 1078 1627 flnt's.
1112 1547 1159 1612 lta
1175 1565 1195 1612 5
1209 1553 1308 1629 poeta

181 1654 336 1734 scriptum
359 1660 450 1735 putat
473 1653 699 1718 Lachmauuus
722 1653 898 1736 Beruaysio
914 1650 1130 1732 probante3iu
1142 1647 1308 1714 codicibus

181 1762 257 1820 sunt
277 1755 378 1820 verba
399 1776 565 1819 rammam
588 1755 706 1820 aetatis
717 1752 1085 1836 pervadereflntattine
1098 1751 1146 1835 Q).
1178 1752 1310 1833 Briegor

182 1858 227 1921 ad
249 1865 325 1923 aute
346 1879 512 1922 rammam
535 1858 644 1923 addito
667 1856 767 1922 verba
789 1857 937 1922 codicum
960 1856 1091 1937 recepit,
1113 1854 1229 1919 Muuro
1249 1873 1309 1919 au-

181 1971 248 2028 tem
283 1981 394 2026 vocem
428 1960 507 2040 finis
540 1962 582 2026 ad
604 1981 734 2026 versum
758 1960 952 2041 explendum
975 1978 995 2024 5
1017 1965 1202 2024 correctore
1226 1976 1308 2039 quo·

182 2066 256 2130 dam
290 2066 443 2145 scriptam
478 2083 551 2129 esse
583 2071 674 2128 ratus
706 2083 872 2126 sammnm
906 2061 1024 2125 aetatis
1051 2061 1238 2141 pervadere
1265 2060 1310 2123 ael

183 2172 316 2232 anetam
343 2169 449 2246 edidit,
473 2187 557 2249 quae
580 2167 762 2232 emendatio
787 2165 864 2229 mihi
886 2167 1024 2246 primum
1044 2164 1184 2229 maxime
1195 2164 1310 2229 arrisit.

182 2271 302 2335 Verum
326 2289 400 2334 cum
423 2271 572 2350 legissem
596 2288 680 2351 quae
703 2269 831 2350 scripsit
854 2269 1019 2333 Lucretius
1041 2268 1067 2332 Π
1092 2269 1188 2333 1122:
1220 2267 1309 2332 Nam

184 2391 270 2452 anae
304 2392 443 2451 campere
470 2371 562 2436 aldes
585 2371 690 2435 ln'laro
712 2371 931 2454 pranrlescere
955 2371 1103 2434 aelanetn
1122 2369 1310 2435 Paalattm-

182 2495 246 2555 qne
267 2476 396 2558 predae
419 2474 538 2539 aetatis
560 2475 720 2538 scandere
743 2474 888 2555 adultae,
911 2473 1021 2537 Plnra
1042 2473 1104 2538 stat
1126 2474 1313 2538 adeamnnt

182 2597 283 2657 anam
307 2577 346 2640 de
369 2598 402 2640 se
426 2597 563 2657 corpora
586 2576 732 2658 mittant,
755 2612 864 2625 ·····
885 2577 944 2641 sert
959 2577 1066 2657 pla-ra
1088 2576 1240 2642 accedere
1256 2576 1310 2640 de-

182 2680 268 2761 bent,
303 2679 419 2744 Donec
454 2678 620 2744 alescendi
653 2700 819 2742 snmnmm
854 2677 986 2762 tetipere
1009 2699 1176 2744 caramen.
1220 2677 1310 2743 Inele

181 2781 373 2847 mlnntattm
406 2781 493 2846 m'ree
528 2785 559 2846 et
589 2782 685 2846 robor
717 2781 870 2845 adultam
896 2781 1046 2866 Franptt
1072 2787 1103 2846 et
1122 2781 1161 2847 ln
1176 2785 1311 2862 partem

176 2885 324 2966 petorem
359 2885 500 2965 liqattar
534 2890 635 2967 aetas,
667 2887 736 2951 veri
769 2887 873 2951 simile
894 2886 1049 2968 putabam
1072 2887 1105 2950 in
1126 2884 1190 2951 fine
1211 2885 1308 2950 huius

179 3007 293 3053 versus
314 2988 415 3052 rebar
436 3008 457 3053 5
477 2996 595 3070 poetae
617 3008 716 3053 manu
738 2987 844 3053 fuisse.
880 2989 964 3053 Nam
987 2987 1135 3053 facillime
1158 2987 1228 3052 fieri
1250 3006 1310 3070 po-

181 3092 250 3171 tuit,
284 3099 319 3155 ut
352 3092 440 3172 prior
470 3091 593 3174 syllaba
620 3093 688 3156 eius
711 3093 800 3157 vocis
822 3099 955 3173 propter
976 3092 1216 3156 similitudinem
1237 3090 1311 3155 ulti-

181 3212 255 3258 mae
288 3193 430 3276 syllabae
463 3193 553 3258 ve'rbi
586 3195 808 3259 antecedentis
841 3196 1043 3260 omitteretur
1075 3202 1108 3259 et
1140 3195 1309 3276 posterior,

182 3315 256 3360 cum
294 3297 327 3360 in
360 3296 423 3361 fine
456 3303 543 3361 esset
575 3316 698 3375 versus,
733 3298 901 3363 deleretur.
945 3298 1052 3379 Atque
1076 3298 1157 3363 haec
1178 3316 1253 3376 vor,
1275 3305 1312 3362 ut

182 3407 232 3465 est
265 3418 398 3481 prorsus
432 3401 634 3481 Lucretiana,
665 3419 739 3464 cum
762 3401 805 3465 ad
825 3401 889 3466 loci
911 3420 1043 3466 sensum
1066 3401 1206 3465 maxime
1229 3418 1311 3482 qua-

182 3503 254 3566 drat
278 3508 346 3566 tum
371 3521 527 3566 sonorum
550 3502 778 3568 coniunctione
800 3504 921 3568 exitum
943 3522 1057 3568 versus
1080 3503 1201 3585 optime
1222 3503 1311 3567 clau·

182 3605 235 3668 dit.
280 3604 387 3684 Quare
410 3613 542 3687 propter
563 3606 760 3687 pervadendi
784 3604 873 3670 verbi
892 3605 1160 3687 significationem
1175 3605 1220 3668 aa
1235 3612 1312 3670 aute

182 3727 348 3770 rammam
371 3708 481 3772 addito
504 3726 634 3772 versum
658 3708 744 3772 hunc
766 3709 799 3771 in
823 3709 955 3772 modum
978 3707 1212 3773 restituendum
1232 3725 1311 3772 ceu-

182 3828 251 3874 seo:
276 3809 477 3891 Conceptam
501 3811 546 3874 ad
568 3832 734 3874 sammnm
759 3810 877 3874 aetatis
893 3812 1080 3891 pervadere
1096 3809 1207 3875 rebar.
1240 3810 1311 3875 Huc

181 3913 316 3992 accedit,
351 3914 383 3977 id
416 3914 503 3995 quod
538 3920 683 3978 nostram
713 3914 934 3978 coniecturam
956 3915 1156 3996 aliquantum
1182 3912 1312 3978 firmare

183 4016 315 4095 videtur,
354 4016 441 4098 quod
477 4016 565 4097 apud
597 4016 772 4080 Minucium
809 4017 959 4097 Felicem,
994 4036 1089 4099 quem
1124 4017 1313 4098 saepissime

181 4137 285 4200 aeque
320 4126 418 4200 atque
450 4118 630 4184 Arnobium
663 4138 849 4184 sermonem
882 4120 1020 4185 Lucretii
1050 4121 1211 4184 imitatum
1239 4137 1311 4185 esse
