2964 4890
176 97 221 162 sic
245 96 434 162 alternis
452 98 657 179 portibus
681 96 767 162 antri
784 96 931 161 Tardius
947 101 978 161 el
992 97 1089 162 cilius
1105 103 1310 163 consuerunt

176 198 341 280 confluere
367 198 463 283 iprtes
490 201 646 284 temporis
675 219 806 284 quoque
829 202 918 265 notio
943 201 1085 265 ablativo
1109 201 1308 282 exprimitur.

177 301 280 367 Simili
302 303 489 368 rationein
512 311 704 386 usurpatum
726 309 789 368 est:
813 302 842 367 V
863 305 926 369 676
948 303 1027 368 Non
1048 301 1149 368 nimis
1172 303 1290 369 ineerl'

175 403 264 484 fiunt
294 403 334 469 in
362 404 518 486 portibus
552 408 646 472 unni.
692 404 844 471 Ceterum
878 407 986 470 multis
1018 407 1099 471 locis
1121 407 1249 472 accedit
1269 406 1307 472 in

175 508 385 591 praepositio,
408 508 586 591 dequibus
610 508 760 574 conferas
783 509 995 574 Meissnerum
1018 530 1047 592 p.
1070 510 1120 573 42.

281 615 424 691 spatium
467 610 595 676 *11219
626 610 724 675 Illud
758 610 796 675 ira
829 610 879 675 bis
910 632 1040 691 quoque
1064 615 1092 676 le
1115 610 1213 675 relus
1236 632 1306 695 cop-

175 732 310 777 6633366
341 733 475 778 onerans
503 711 651 794 Corpora
791 712 914 778 incerto
947 717 1088 794 ternpore
1116 711 1219 793 ferme
1241 713 1268 777 Ι
1268 734 1306 778 6-

176 815 393 895 certisque
425 815 485 879 loci
518 815 679 896 spatiis
713 815 868 880 decellere
896 815 1052 896 poclum.
1108 816 1168 880 Hie
1196 817 1305 896 verba,

176 936 260 1000 quae
282 918 316 981 in
339 917 505 983 codicibus
528 925 666 997 exstant,
690 916 890 997 incertisque
914 917 990 982 locis
1012 918 1119 999 spolio
1144 919 1306 999 depellere

172 1021 316 1101 paulum
339 1040 413 1085 cum
437 1029 569 1103 propter
590 1021 823 1086 obscuritatem
852 1021 1017 1104 quandam
1040 1021 1217 1086 editoribus
1241 1023 1307 1085 dis-

175 1123 357 1207 plicuerint,
387 1124 476 1189 varie
499 1131 531 1188 et
552 1125 754 1206 explicantur
777 1131 808 1188 et
831 1125 1052 1190 emendantur.
1098 1125 1178 1188 Nam
1203 1124 1306 1190 Lach-

176 1245 316 1291 mannus
339 1226 516 1310 Bernaysio
540 1228 769 1309 adstipulante,
792 1227 876 1292 sicut
899 1246 998 1308 supra
1013 1228 1181 1304 habemus,
1198 1229 1305 1293 locum

176 1329 370 1409 emendavit,
406 1330 457 1394 cui
495 1330 686 1394 adversatur
725 1328 1043 1394 Hoerschelmannus
1080 1351 1129 1412 pp.
1168 1331 1305 1409 34—37,

177 1450 248 1496 eum
271 1450 402 1496 versum
427 1433 513 1497 hunc
535 1433 568 1496 in
584 1432 716 1496 modum
733 1433 850 1495 mutari
866 1437 1017 1513 oportere
1032 1437 1177 1496 censeat:
1192 1430 1306 1496 Incer-

178 1533 283 1614 lt'spue
307 1533 384 1599 locis
406 1533 512 1616 apollo
537 1534 692 1599 deeellere
708 1534 825 1614 petilo.
870 1534 985 1598 Munro
1001 1535 1150 1599 codicum
1167 1536 1306 1615 scriptu·

176 1656 244 1701 ram
268 1645 388 1719 servat,
412 1639 473 1701 nisi
496 1638 583 1721 quod
605 1658 640 1701 se
656 1644 733 1702 ante
750 1637 874 1702 incerto
892 1637 1033 1702 deletum
1049 1656 1121 1702 esse
1134 1637 1305 1716 existimat,

177 1740 307 1822 Brieger
328 1748 438 1805 autem
461 1741 610 1805 codicum
633 1741 828 1822 scripturam
844 1759 909 1804 non
925 1747 1031 1804 mutat
1045 1739 1236 1803 infinitivum
1253 1739 1307 1803 tle-

174 1843 295 1923 pellere
327 1842 530 1907 intransitive
563 1850 753 1924 usurpatum
788 1862 861 1908 esse
896 1843 1017 1922 dicenS,
1051 1843 1084 1906 id
1118 1843 1205 1926 quod
1229 1843 1306 1906 mihi

178 1963 306 2028 quoque
327 1946 395 2010 veri
418 1945 522 2009 simile
544 1945 679 2024 videtur,
704 1944 750 2010 cfr
771 1946 783 2009 l
806 1967 835 2028 p.
857 1947 907 2010 43.
945 1946 1038 2026 Quod
1062 1946 1089 2009 si
1107 1947 1168 2011 hos
1184 1946 1217 2009 in
1232 1946 1305 2010 loeo

178 2048 381 2115 emendando
414 2050 517 2113 secuti
550 2050 681 2128 erimus,
715 2048 822 2129 spolio
856 2068 915 2132 pro
950 2049 1091 2115 ablativo
1120 2050 1306 2130 separative

177 2150 365 2216 habendum
387 2169 461 2216 esse
484 2151 660 2233 apparebit.
706 2149 786 2216 Cum
810 2151 849 2216 in
871 2153 1113 2235 praepositione
1137 2153 1306 2233 coniungi-

177 2260 239 2319 tur:
263 2253 376 2320 [1602
396 2253 494 2317 Aeris
516 2253 552 2319 lrr
575 2253 682 2335 spolio
711 2274 870 2338 propriant
896 2256 1045 2335 pendere
1069 2255 1219 2319 llorenles
1237 2254 1307 2318 Tel-

179 2355 300 2434 lurem,
333 2357 457 2423 V1301
492 2356 554 2421 Fit
585 2378 715 2437 quoque
738 2361 777 2420 ul
797 2358 886 2422 inter
909 2359 989 2421 llum
1011 2357 1102 2422 nertii
1132 2357 1181 2420 vis
1204 2356 1305 2419 ntlssu

177 2459 247 2526 aine
279 2459 354 2544 iperi
385 2459 539 2544 Ipniscot
572 2465 684 2525 torrere
712 2460 748 2525 in
775 2460 882 2541 spolio
907 2452 1068 2544 lot'rpoque
1091 2463 1220 2536 66666,Ι
1242 2460 1306 2524 462

177 2563 231 2628 ubi
254 2582 392 2644 corporo
415 2564 520 2627 retello
543 2564 685 2628 colundo
706 2564 777 2627 Hoc
792 2584 912 2644 supero
928 2563 966 2628 in
983 2563 1064 2627 coeli
1080 2562 1187 2643 spolio
1204 2568 1306 2626 coiere

176 2669 328 2749 repenle·
349 2667 413 2732 622
434 2666 593 2750 Lorpiler
614 2666 652 2733 r'rt
676 2670 767 2732 tortio
790 2665 896 2748 spolio
920 2669 1031 2730 tortere
1047 2664 1179 2745 ovtferet
1193 2663 1304 2729 lindis.

276 2774 442 2849 speculum.
485 2769 525 2833 lV
548 2771 589 2834 98
612 2771 780 2834 Postremo
809 2769 1000 2850 speculis
1022 2769 1059 2834 ire
1084 2788 1174 2848 optio
1196 2767 1306 2847 splen·

176 2871 319 2951 dorequo
340 2870 380 2936 ire
402 2870 491 2936 omni
516 2871 610 2951 Quae
634 2893 772 2952 eumque
797 2876 965 2953 apparent
989 2871 1083 2958 nolis
1106 2870 1305 2934 simulacro:

175 2974 452 3056 praepositionem
487 2993 505 3039 e
544 2995 634 3041 more
682 2976 876 3041 Lucretiano
914 2976 1069 3040 omissam
1109 2992 1181 3040 esse
1217 2980 1306 3038 reete

175 3076 404 3141 animadvertit
424 3076 548 3142 blunro.

276 3184 431 3246 mebree.
475 3180 500 3244 ll
523 3184 586 3247 746
608 3180 765 3260 Denique
784 3201 845 3246 663
867 3179 933 3261 ipsi
956 3179 1093 3245 coecis
1115 3199 1201 3258 quoe
1218 3199 1304 3242 etent-

175 3302 239 3363 666
263 3281 449 3347 tenebris
474 3283 668 3367 Tonpimus
714 3283 864 3349 Ablativo
896 3285 1024 3349 additur
1047 3283 1245 3364 praepositio
1267 3280 1305 3346 ln

174 3404 202 3451 e.
224 3404 270 3469 gr.
293 3384 318 3449 ll
340 3385 505 3452 5511187
530 3387 571 3451 Vl
593 3388 635 3453 35
657 3387 745 3451 Nera
768 3387 819 3451 rel
841 3386 891 3450 ull
902 3385 1004 3467 poerl
1021 3384 1192 3466 trepidaret
1207 3388 1305 3463 etque

174 3487 289 3553 omnia
311 3488 415 3553 coecis
436 3488 483 3553 In
506 3488 648 3553 tenebris
669 3493 833 3570 incinunt,
855 3487 901 3551 sio
925 3508 985 3552 663
1007 3486 1046 3552 in
1068 3487 1138 3550 lure
1155 3485 1305 3549 tilbertus

171 3590 272 3656 Inter
305 3590 395 3672 dnm,
429 3591 497 3656 rn'lo
532 3612 618 3672 perne
652 3596 734 3656 slent
754 3591 934 3656 metuendo
955 3589 1062 3673 irrepis
1086 3608 1186 3669 prium
1211 3587 1304 3666 Qttrte

166 3693 271 3776 paeri
293 3692 333 3759 ire
356 3693 497 3760 tenebris
514 3694 676 3775 pavitant
695 3693 896 3777 lippiuntque
918 3693 1046 3773 ficturo.
