<?xml version="1.0" encoding="UTF-8"?>
<!DOCTYPE html PUBLIC "-//W3C//DTD XHTML 1.0 Transitional//EN"
    "http://www.w3.org/TR/xhtml1/DTD/xhtml1-transitional.dtd">
<html xmlns="http://www.w3.org/1999/xhtml" xml:lang="en" lang="en">
 <head>
  <title>
</title>
<meta http-equiv="Content-Type" content="text/html;charset=utf-8" />
  <meta name='ocr-system' content='tesseract 3.04.00' />
  <meta name='ocr-capabilities' content='ocr_page ocr_carea ocr_par ocr_line ocrx_word'/>
</head>
<body>
  <div class='ocr_page' id='page_1' title='image "./decasvvmsyntaxi00hidgoog_0287.png"; bbox 0 0 2964 4890; ppageno 0'>
   <div class='ocr_carea' id='block_1_1' title="bbox 310 327 370 390">
    <p class='ocr_par' dir='ltr' id='par_1_1' title="bbox 310 327 370 390">
     <span class='ocr_line' id='line_1_1' title="bbox 310 327 370 390; baseline 0.033 -2"><span class='ocrx_word' id='word_1_1' title='bbox 310 327 370 390; x_wconf 76' lang='lat'>138</span> 
     </span>
    </p>
   </div>
   <div class='ocr_carea' id='block_1_2' title="bbox 266 529 1400 919">
    <p class='ocr_par' dir='ltr' id='par_1_2' title="bbox 266 529 1400 919">
     <span class='ocr_line' id='line_1_2' title="bbox 369 529 1400 611; baseline -0.002 -17"><span class='ocrx_word' id='word_1_2' title='bbox 369 550 487 611; x_wconf 84' lang='lat' dir='ltr'>parere.</span> <span class='ocrx_word' id='word_1_3' title='bbox 531 531 558 594; x_wconf 94' lang='lat' dir='ltr'>V</span> <span class='ocrx_word' id='word_1_4' title='bbox 593 531 655 594; x_wconf 82' lang='lat'>865</span> <span class='ocrx_word' id='word_1_5' title='bbox 688 529 736 592; x_wconf 84' lang='lat' dir='ltr'>Et</span> <span class='ocrx_word' id='word_1_6' title='bbox 762 549 870 611; x_wconf 73' lang='lat' dir='ltr'>penus</span> <span class='ocrx_word' id='word_1_7' title='bbox 900 549 994 592; x_wconf 77' lang='lat' dir='ltr'>ulline</span> <span class='ocrx_word' id='word_1_8' title='bbox 1026 529 1400 607; x_wconf 64' lang='lat' dir='ltr'>condemnatoriam</span> 
     </span>
     <span class='ocr_line' id='line_1_3' title="bbox 266 632 1399 714; baseline 0.005 -24"><span class='ocrx_word' id='word_1_9' title='bbox 266 633 418 698; x_wconf 66' lang='lat' dir='ltr'>‚emilina</span> <span class='ocrx_word' id='word_1_10' title='bbox 446 637 596 714; x_wconf 77' lang='lat' dir='ltr'>pul-tum.</span> <span class='ocrx_word' id='word_1_11' title='bbox 642 632 712 696; x_wconf 93' lang='lat' dir='ltr'>Uno</span> <span class='ocrx_word' id='word_1_12' title='bbox 747 634 819 696; x_wconf 89' lang='lat' dir='ltr'>loco</span> <span class='ocrx_word' id='word_1_13' title='bbox 854 632 1052 713; x_wconf 84' lang='lat' dir='ltr'>praepositio</span> <span class='ocrx_word' id='word_1_14' title='bbox 1085 639 1242 713; x_wconf 92' lang='lat' dir='ltr'>usurpata</span> <span class='ocrx_word' id='word_1_15' title='bbox 1275 642 1340 696; x_wconf 90' lang='lat' dir='ltr'>est:</span> <span class='ocrx_word' id='word_1_16' title='bbox 1371 634 1399 696; x_wconf 87' lang='lat' dir='ltr'>V</span> 
     </span>
     <span class='ocr_line' id='line_1_4' title="bbox 269 733 1398 817; baseline 0.002 -18"><span class='ocrx_word' id='word_1_17' title='bbox 269 738 350 801; x_wconf 69' lang='lat'>1305</span> <span class='ocrx_word' id='word_1_18' title='bbox 378 736 432 800; x_wconf 73' lang='lat' dir='ltr'>ote</span> <span class='ocrx_word' id='word_1_19' title='bbox 459 735 529 799; x_wconf 76' lang='lat' dir='ltr'>olle</span> <span class='ocrx_word' id='word_1_20' title='bbox 552 756 593 798; x_wconf 78' lang='lat' dir='ltr'>eac</span> <span class='ocrx_word' id='word_1_21' title='bbox 616 733 680 797; x_wconf 74' lang='lat' dir='ltr'>(llio</span> <span class='ocrx_word' id='word_1_22' title='bbox 697 733 832 813; x_wconf 76' lang='lat' dir='ltr'>peperit</span> <span class='ocrx_word' id='word_1_23' title='bbox 853 733 1019 798; x_wconf 77' lang='lat' dir='ltr'>discordie</span> <span class='ocrx_word' id='word_1_24' title='bbox 1043 734 1155 814; x_wconf 77' lang='lat' dir='ltr'>tristis,</span> <span class='ocrx_word' id='word_1_25' title='bbox 1179 734 1233 798; x_wconf 91' lang='lat' dir='ltr'>ubi</span> <span class='ocrx_word' id='word_1_26' title='bbox 1257 755 1398 817; x_wconf 87' lang='lat' dir='ltr'>praepo·</span> 
     </span>
     <span class='ocr_line' id='line_1_5' title="bbox 266 836 1287 919; baseline -0.002 -17"><span class='ocrx_word' id='word_1_27' title='bbox 266 840 339 903; x_wconf 93' lang='lat' dir='ltr'>silio</span> <span class='ocrx_word' id='word_1_28' title='bbox 363 841 405 903; x_wconf 91' lang='lat' dir='ltr'>ad</span> <span class='ocrx_word' id='word_1_29' title='bbox 428 841 564 903; x_wconf 81' lang='lat' dir='ltr'>localem</span> <span class='ocrx_word' id='word_1_30' title='bbox 587 839 755 901; x_wconf 89' lang='lat' dir='ltr'>notionem</span> <span class='ocrx_word' id='word_1_31' title='bbox 778 837 921 914; x_wconf 73' lang='lat' dir='ltr'>accedit,</span> <span class='ocrx_word' id='word_1_32' title='bbox 945 836 991 901; x_wconf 87' lang='lat' dir='ltr'>cfr</span> <span class='ocrx_word' id='word_1_33' title='bbox 1014 837 1162 902; x_wconf 86' lang='lat' dir='ltr'>Herlzius</span> <span class='ocrx_word' id='word_1_34' title='bbox 1187 859 1214 919; x_wconf 91' lang='lat' dir='ltr'>p.</span> <span class='ocrx_word' id='word_1_35' title='bbox 1237 839 1287 901; x_wconf 88' lang='lat'>41.</span> 
     </span>
    </p>
   </div>
   <div class='ocr_carea' id='block_1_3' title="bbox 623 1042 1042 1107">
    <p class='ocr_par' dir='ltr' id='par_1_3' title="bbox 623 1042 1042 1107">
     <span class='ocr_line' id='line_1_6' title="bbox 623 1042 1042 1107; baseline -0.014 0"><span class='ocrx_word' id='word_1_36' title='bbox 623 1048 650 1107; x_wconf 89' lang='grc'>3.</span> <span class='ocrx_word' id='word_1_37' title='bbox 694 1042 862 1105; x_wconf 80' lang='lat' dir='ltr'>Ablativns</span> <span class='ocrx_word' id='word_1_38' title='bbox 884 1046 1042 1106; x_wconf 85' lang='lat' dir='ltr'>materiae.</span> 
     </span>
    </p>
   </div>
   <div class='ocr_carea' id='block_1_4' title="bbox 259 1198 1399 3442">
    <p class='ocr_par' dir='ltr' id='par_1_4' title="bbox 259 1198 1399 3442">
     <span class='ocr_line' id='line_1_7' title="bbox 368 1198 1399 1280; baseline -0.002 -18"><span class='ocrx_word' id='word_1_39' title='bbox 368 1198 448 1263; x_wconf 88' lang='lat' dir='ltr'>Cum</span> <span class='ocrx_word' id='word_1_40' title='bbox 483 1199 624 1263; x_wconf 90' lang='lat' dir='ltr'>ablativo</span> <span class='ocrx_word' id='word_1_41' title='bbox 659 1198 792 1277; x_wconf 83' lang='lat' dir='ltr'>originis</span> <span class='ocrx_word' id='word_1_42' title='bbox 825 1204 895 1262; x_wconf 88' lang='lat' dir='ltr'>arte</span> <span class='ocrx_word' id='word_1_43' title='bbox 929 1198 1083 1262; x_wconf 77' lang='lat' dir='ltr'>cohaeret</span> <span class='ocrx_word' id='word_1_44' title='bbox 1117 1205 1215 1280; x_wconf 91' lang='lat' dir='ltr'>atque</span> <span class='ocrx_word' id='word_1_45' title='bbox 1247 1200 1399 1278; x_wconf 84' lang='lat' dir='ltr'>congruit</span> 
     </span>
     <span class='ocr_line' id='line_1_8' title="bbox 265 1300 1398 1384; baseline 0 -20"><span class='ocrx_word' id='word_1_46' title='bbox 265 1301 434 1380; x_wconf 74' lang='lat' dir='ltr'>ablativae,</span> <span class='ocrx_word' id='word_1_47' title='bbox 459 1322 523 1384; x_wconf 91' lang='lat' dir='ltr'>quo</span> <span class='ocrx_word' id='word_1_48' title='bbox 547 1302 682 1384; x_wconf 82' lang='lat' dir='ltr'>exprimi</span> <span class='ocrx_word' id='word_1_49' title='bbox 706 1301 851 1364; x_wconf 90' lang='lat' dir='ltr'>videmus</span> <span class='ocrx_word' id='word_1_50' title='bbox 875 1307 984 1381; x_wconf 91' lang='lat' dir='ltr'>parles</span> <span class='ocrx_word' id='word_1_51' title='bbox 1007 1300 1057 1364; x_wconf 92' lang='lat' dir='ltr'>vel</span> <span class='ocrx_word' id='word_1_52' title='bbox 1079 1301 1313 1378; x_wconf 73' lang='lat' dir='ltr'>materiamen·</span> <span class='ocrx_word' id='word_1_53' title='bbox 1331 1322 1398 1383; x_wconf 89' lang='lat' dir='ltr'>qua</span> 
     </span>
     <span class='ocr_line' id='line_1_9' title="bbox 265 1402 1397 1485; baseline -0.001 -19"><span class='ocrx_word' id='word_1_54' title='bbox 265 1403 384 1485; x_wconf 90' lang='lat' dir='ltr'>aliquid</span> <span class='ocrx_word' id='word_1_55' title='bbox 408 1411 535 1467; x_wconf 89' lang='lat' dir='ltr'>constat</span> <span class='ocrx_word' id='word_1_56' title='bbox 559 1405 609 1468; x_wconf 91' lang='lat' dir='ltr'>vel</span> <span class='ocrx_word' id='word_1_57' title='bbox 626 1404 842 1484; x_wconf 86' lang='lat' dir='ltr'>compositum</span> <span class='ocrx_word' id='word_1_58' title='bbox 860 1410 909 1466; x_wconf 92' lang='lat' dir='ltr'>est</span> <span class='ocrx_word' id='word_1_59' title='bbox 933 1402 1152 1485; x_wconf 86' lang='lat' dir='ltr'>(ablativus</span> <span class='ocrx_word' id='word_1_60' title='bbox 1176 1404 1397 1485; x_wconf 86' lang='lat' dir='ltr'>materiae).</span> 
     </span>
     <span class='ocr_line' id='line_1_10' title="bbox 264 1506 1397 1588; baseline 0 -20"><span class='ocrx_word' id='word_1_61' title='bbox 264 1506 370 1588; x_wconf 86' lang='lat' dir='ltr'>Atque</span> <span class='ocrx_word' id='word_1_62' title='bbox 404 1508 546 1570; x_wconf 91' lang='lat' dir='ltr'>sermoni</span> <span class='ocrx_word' id='word_1_63' title='bbox 581 1507 772 1570; x_wconf 88' lang='lat' dir='ltr'>Lucretiano</span> <span class='ocrx_word' id='word_1_64' title='bbox 807 1506 838 1567; x_wconf 91' lang='lat' dir='ltr'>id</span> <span class='ocrx_word' id='word_1_65' title='bbox 862 1506 1027 1587; x_wconf 92' lang='lat' dir='ltr'>proprium</span> <span class='ocrx_word' id='word_1_66' title='bbox 1051 1524 1123 1570; x_wconf 91' lang='lat' dir='ltr'>esse</span> <span class='ocrx_word' id='word_1_67' title='bbox 1146 1506 1336 1586; x_wconf 67' lang='lat' dir='ltr'>reperimus</span> <span class='ocrx_word' id='word_1_68' title='bbox 1363 1515 1397 1569; x_wconf 94' lang='lat' dir='ltr'>ut</span> 
     </span>
     <span class='ocr_line' id='line_1_11' title="bbox 263 1606 1395 1690; baseline 0.001 -19"><span class='ocrx_word' id='word_1_69' title='bbox 263 1609 367 1672; x_wconf 88' lang='lat' dir='ltr'>nudus</span> <span class='ocrx_word' id='word_1_70' title='bbox 391 1608 550 1673; x_wconf 90' lang='lat' dir='ltr'>ablativus</span> <span class='ocrx_word' id='word_1_71' title='bbox 575 1608 680 1674; x_wconf 90' lang='lat' dir='ltr'>verbis</span> <span class='ocrx_word' id='word_1_72' title='bbox 704 1607 881 1672; x_wconf 70' lang='lat' dir='ltr'>constantii</span> <span class='ocrx_word' id='word_1_73' title='bbox 903 1606 1052 1686; x_wconf 77' lang='lat' dir='ltr'>feriendi</span> <span class='ocrx_word' id='word_1_74' title='bbox 1075 1609 1212 1690; x_wconf 91' lang='lat' dir='ltr'>aliisque</span> <span class='ocrx_word' id='word_1_75' title='bbox 1236 1608 1395 1689; x_wconf 83' lang='lat' dir='ltr'>adiunga-</span> 
     </span>
     <span class='ocr_line' id='line_1_12' title="bbox 263 1711 1396 1794; baseline 0.001 -21"><span class='ocrx_word' id='word_1_76' title='bbox 263 1721 323 1791; x_wconf 88' lang='lat' dir='ltr'>tur,</span> <span class='ocrx_word' id='word_1_77' title='bbox 350 1731 434 1794; x_wconf 91' lang='lat' dir='ltr'>quae</span> <span class='ocrx_word' id='word_1_78' title='bbox 456 1713 632 1776; x_wconf 88' lang='lat' dir='ltr'>ablativum</span> <span class='ocrx_word' id='word_1_79' title='bbox 657 1731 675 1776; x_wconf 92' lang='lat' dir='ltr'>e</span> <span class='ocrx_word' id='word_1_80' title='bbox 698 1712 939 1793; x_wconf 86' lang='lat' dir='ltr'>praepositione</span> <span class='ocrx_word' id='word_1_81' title='bbox 962 1712 1156 1792; x_wconf 87' lang='lat' dir='ltr'>pendentem</span> <span class='ocrx_word' id='word_1_82' title='bbox 1179 1711 1265 1792; x_wconf 88' lang='lat' dir='ltr'>apud</span> <span class='ocrx_word' id='word_1_83' title='bbox 1283 1712 1396 1774; x_wconf 86' lang='lat' dir='ltr'>elassi-</span> 
     </span>
     <span class='ocr_line' id='line_1_13' title="bbox 263 1813 1397 1896; baseline -0.002 -18"><span class='ocrx_word' id='word_1_84' title='bbox 263 1833 320 1878; x_wconf 90' lang='lat' dir='ltr'>cos</span> <span class='ocrx_word' id='word_1_85' title='bbox 354 1816 529 1896; x_wconf 78' lang='lat' dir='ltr'>scriptores</span> <span class='ocrx_word' id='word_1_86' title='bbox 557 1813 729 1880; x_wconf 86' lang='lat' dir='ltr'>adsumere</span> <span class='ocrx_word' id='word_1_87' title='bbox 753 1816 864 1879; x_wconf 88' lang='lat' dir='ltr'>solent.</span> <span class='ocrx_word' id='word_1_88' title='bbox 908 1815 976 1878; x_wconf 88' lang='lat' dir='ltr'>Nec</span> <span class='ocrx_word' id='word_1_89' title='bbox 1000 1814 1178 1894; x_wconf 88' lang='lat' dir='ltr'>deluerunt,</span> <span class='ocrx_word' id='word_1_90' title='bbox 1203 1815 1257 1896; x_wconf 91' lang='lat' dir='ltr'>qui</span> <span class='ocrx_word' id='word_1_91' title='bbox 1281 1815 1397 1878; x_wconf 92' lang='lat' dir='ltr'>ablati-</span> 
     </span>
     <span class='ocr_line' id='line_1_14' title="bbox 264 1917 1398 1998; baseline 0.001 -20"><span class='ocrx_word' id='word_1_92' title='bbox 264 1936 336 1979; x_wconf 90' lang='lat' dir='ltr'>vum</span> <span class='ocrx_word' id='word_1_93' title='bbox 372 1920 528 1983; x_wconf 89' lang='lat' dir='ltr'>materiae</span> <span class='ocrx_word' id='word_1_94' title='bbox 563 1920 604 1981; x_wconf 90' lang='lat' dir='ltr'>ad</span> <span class='ocrx_word' id='word_1_95' title='bbox 638 1918 813 1982; x_wconf 82' lang='lat' dir='ltr'>ablativum</span> <span class='ocrx_word' id='word_1_96' title='bbox 847 1917 1011 1998; x_wconf 93' lang='lat' dir='ltr'>proprium</span> <span class='ocrx_word' id='word_1_97' title='bbox 1047 1919 1208 1997; x_wconf 89' lang='lat' dir='ltr'>pertinere</span> <span class='ocrx_word' id='word_1_98' title='bbox 1238 1925 1398 1998; x_wconf 85' lang='lat' dir='ltr'>negantes</span> 
     </span>
     <span class='ocr_line' id='line_1_15' title="bbox 262 2019 1396 2101; baseline 0 -20"><span class='ocrx_word' id='word_1_99' title='bbox 262 2021 498 2084; x_wconf 89' lang='lat' dir='ltr'>instrumentali</span> <span class='ocrx_word' id='word_1_100' title='bbox 531 2021 646 2084; x_wconf 93' lang='lat' dir='ltr'>saltem</span> <span class='ocrx_word' id='word_1_101' title='bbox 675 2019 911 2100; x_wconf 86' lang='lat' dir='ltr'>significatione</span> <span class='ocrx_word' id='word_1_102' title='bbox 935 2019 1115 2100; x_wconf 90' lang='lat' dir='ltr'>praeditum</span> <span class='ocrx_word' id='word_1_103' title='bbox 1140 2028 1213 2101; x_wconf 91' lang='lat' dir='ltr'>post</span> <span class='ocrx_word' id='word_1_104' title='bbox 1237 2020 1396 2084; x_wconf 90' lang='lat' dir='ltr'>eiusmodi</span> 
     </span>
     <span class='ocr_line' id='line_1_16' title="bbox 262 2121 1398 2206; baseline 0 -22"><span class='ocrx_word' id='word_1_105' title='bbox 262 2122 360 2186; x_wconf 91' lang='lat' dir='ltr'>verba</span> <span class='ocrx_word' id='word_1_106' title='bbox 385 2124 532 2206; x_wconf 92' lang='lat' dir='ltr'>usurpari</span> <span class='ocrx_word' id='word_1_107' title='bbox 555 2124 799 2188; x_wconf 88' lang='lat' dir='ltr'>contenderent.</span> <span class='ocrx_word' id='word_1_108' title='bbox 846 2123 957 2204; x_wconf 88' lang='lat' dir='ltr'>ltaque</span> <span class='ocrx_word' id='word_1_109' title='bbox 978 2121 1216 2200; x_wconf 88' lang='lat' dir='ltr'>Delbrueekius,</span> <span class='ocrx_word' id='word_1_110' title='bbox 1242 2142 1315 2185; x_wconf 89' lang='lat' dir='ltr'>cum</span> <span class='ocrx_word' id='word_1_111' title='bbox 1339 2142 1398 2185; x_wconf 92' lang='lat' dir='ltr'>an-</span> 
     </span>
     <span class='ocr_line' id='line_1_17' title="bbox 261 2217 1397 2308; baseline -0.001 -20"><span class='ocrx_word' id='word_1_112' title='bbox 261 2233 314 2290; x_wconf 88' lang='lat' dir='ltr'>tea</span> <span class='ocrx_word' id='word_1_113' title='bbox 337 2225 425 2288; x_wconf 74' lang='grc' dir='ltr'>ΑΗ</span> <span class='ocrx_word' id='word_1_114' title='bbox 447 2247 475 2307; x_wconf 85' lang='lat' dir='ltr'>p.</span> <span class='ocrx_word' id='word_1_115' title='bbox 503 2228 540 2290; x_wconf 88' lang='grc'>16</span> <span class='ocrx_word' id='word_1_116' title='bbox 564 2247 610 2308; x_wconf 92' lang='lat' dir='ltr'>sq.</span> <span class='ocrx_word' id='word_1_117' title='bbox 636 2233 709 2306; x_wconf 93' lang='lat' dir='ltr'>post</span> <span class='ocrx_word' id='word_1_118' title='bbox 732 2224 881 2304; x_wconf 75' lang='lat' dir='ltr'>faciendi</span> <span class='ocrx_word' id='word_1_119' title='bbox 904 2224 1037 2289; x_wconf 92' lang='lat' dir='ltr'>verbum</span> <span class='ocrx_word' id='word_1_120' title='bbox 1062 2225 1240 2288; x_wconf 88' lang='lat' dir='ltr'>ablativum</span> <span class='ocrx_word' id='word_1_121' title='bbox 1264 2217 1397 2288; x_wconf 79' lang='lat' dir='ltr'>sta&#39;tuis-</span> 
     </span>
     <span class='ocr_line' id='line_1_18' title="bbox 261 2329 1396 2412; baseline 0.001 -21"><span class='ocrx_word' id='word_1_122' title='bbox 261 2337 319 2408; x_wconf 91' lang='lat' dir='ltr'>set,</span> <span class='ocrx_word' id='word_1_123' title='bbox 344 2348 446 2410; x_wconf 92' lang='lat' dir='ltr'>nuper</span> <span class='ocrx_word' id='word_1_124' title='bbox 468 2329 556 2412; x_wconf 84' lang='lat' dir='ltr'>Synt.</span> <span class='ocrx_word' id='word_1_125' title='bbox 583 2351 611 2410; x_wconf 91' lang='lat' dir='ltr'>p.</span> <span class='ocrx_word' id='word_1_126' title='bbox 634 2331 707 2410; x_wconf 77' lang='lat'>209,</span> <span class='ocrx_word' id='word_1_127' title='bbox 730 2330 792 2392; x_wconf 81' lang='lat'>248</span> <span class='ocrx_word' id='word_1_128' title='bbox 809 2347 881 2393; x_wconf 89' lang='lat' dir='ltr'>sese</span> <span class='ocrx_word' id='word_1_129' title='bbox 898 2329 938 2392; x_wconf 92' lang='lat' dir='ltr'>ad</span> <span class='ocrx_word' id='word_1_130' title='bbox 954 2329 1234 2392; x_wconf 88' lang='lat' dir='ltr'>instrumentalem</span> <span class='ocrx_word' id='word_1_131' title='bbox 1250 2337 1396 2393; x_wconf 89' lang='lat' dir='ltr'>statuen-</span> 
     </span>
     <span class='ocr_line' id='line_1_19' title="bbox 261 2433 1399 2514; baseline 0 -20"><span class='ocrx_word' id='word_1_132' title='bbox 261 2433 335 2494; x_wconf 94' lang='lat' dir='ltr'>dum</span> <span class='ocrx_word' id='word_1_133' title='bbox 371 2434 617 2514; x_wconf 91' lang='lat' dir='ltr'>propensiorem</span> <span class='ocrx_word' id='word_1_134' title='bbox 644 2451 717 2497; x_wconf 89' lang='lat' dir='ltr'>esse</span> <span class='ocrx_word' id='word_1_135' title='bbox 740 2434 793 2495; x_wconf 90' lang='lat' dir='ltr'>ait.</span> <span class='ocrx_word' id='word_1_136' title='bbox 839 2433 958 2496; x_wconf 89' lang='lat' dir='ltr'>Verum</span> <span class='ocrx_word' id='word_1_137' title='bbox 982 2433 1057 2496; x_wconf 89' lang='lat' dir='ltr'>licet</span> <span class='ocrx_word' id='word_1_138' title='bbox 1081 2433 1188 2495; x_wconf 91' lang='lat' dir='ltr'>multis</span> <span class='ocrx_word' id='word_1_139' title='bbox 1212 2451 1292 2496; x_wconf 90' lang='lat' dir='ltr'>sane</span> <span class='ocrx_word' id='word_1_140' title='bbox 1316 2434 1399 2496; x_wconf 88' lang='lat' dir='ltr'>locis</span> 
     </span>
     <span class='ocr_line' id='line_1_20' title="bbox 262 2533 1396 2599; baseline 0 -3"><span class='ocrx_word' id='word_1_141' title='bbox 262 2541 366 2596; x_wconf 91' lang='lat' dir='ltr'>utrum</span> <span class='ocrx_word' id='word_1_142' title='bbox 403 2534 562 2597; x_wconf 89' lang='lat' dir='ltr'>ablativus</span> <span class='ocrx_word' id='word_1_143' title='bbox 594 2554 636 2598; x_wconf 91' lang='lat' dir='ltr'>an</span> <span class='ocrx_word' id='word_1_144' title='bbox 660 2536 914 2598; x_wconf 89' lang='lat' dir='ltr'>instrumentalis</span> <span class='ocrx_word' id='word_1_145' title='bbox 938 2542 1089 2599; x_wconf 88' lang='lat' dir='ltr'>occurrat</span> <span class='ocrx_word' id='word_1_146' title='bbox 1112 2535 1180 2597; x_wconf 93' lang='lat' dir='ltr'>iure</span> <span class='ocrx_word' id='word_1_147' title='bbox 1204 2535 1237 2597; x_wconf 91' lang='lat' dir='ltr'>in</span> <span class='ocrx_word' id='word_1_148' title='bbox 1262 2533 1396 2597; x_wconf 91' lang='lat' dir='ltr'>dubium</span> 
     </span>
     <span class='ocr_line' id='line_1_21' title="bbox 261 2637 1396 2719; baseline 0 -20"><span class='ocrx_word' id='word_1_149' title='bbox 261 2638 371 2700; x_wconf 89' lang='lat' dir='ltr'>vocari</span> <span class='ocrx_word' id='word_1_150' title='bbox 395 2638 505 2718; x_wconf 90' lang='lat' dir='ltr'>possit,</span> <span class='ocrx_word' id='word_1_151' title='bbox 530 2638 616 2701; x_wconf 95' lang='lat' dir='ltr'>haud</span> <span class='ocrx_word' id='word_1_152' title='bbox 640 2658 713 2703; x_wconf 93' lang='lat' dir='ltr'>raro</span> <span class='ocrx_word' id='word_1_153' title='bbox 738 2646 847 2702; x_wconf 90' lang='lat' dir='ltr'>tamen</span> <span class='ocrx_word' id='word_1_154' title='bbox 864 2645 899 2701; x_wconf 95' lang='lat' dir='ltr'>ut</span> <span class='ocrx_word' id='word_1_155' title='bbox 914 2638 1000 2719; x_wconf 89' lang='lat' dir='ltr'>apud</span> <span class='ocrx_word' id='word_1_156' title='bbox 1017 2637 1200 2701; x_wconf 91' lang='lat' dir='ltr'>Lucretium</span> <span class='ocrx_word' id='word_1_157' title='bbox 1218 2638 1396 2701; x_wconf 88' lang='lat' dir='ltr'>ablativum</span> 
     </span>
     <span class='ocr_line' id='line_1_22' title="bbox 261 2740 1397 2821; baseline 0.002 -20"><span class='ocrx_word' id='word_1_158' title='bbox 261 2740 417 2804; x_wconf 88' lang='lat' dir='ltr'>materiae</span> <span class='ocrx_word' id='word_1_159' title='bbox 439 2742 624 2821; x_wconf 87' lang='lat' dir='ltr'>separativa</span> <span class='ocrx_word' id='word_1_160' title='bbox 645 2740 880 2821; x_wconf 86' lang='lat' dir='ltr'>significatione</span> <span class='ocrx_word' id='word_1_161' title='bbox 897 2740 1123 2821; x_wconf 91' lang='lat' dir='ltr'>accipiendum</span> <span class='ocrx_word' id='word_1_162' title='bbox 1140 2759 1213 2803; x_wconf 90' lang='lat' dir='ltr'>esse</span> <span class='ocrx_word' id='word_1_163' title='bbox 1229 2749 1338 2821; x_wconf 90' lang='lat' dir='ltr'>putem</span> <span class='ocrx_word' id='word_1_164' title='bbox 1357 2759 1397 2803; x_wconf 88' lang='lat' dir='ltr'>ea</span> 
     </span>
     <span class='ocr_line' id='line_1_23' title="bbox 261 2841 1397 2926; baseline 0.002 -22"><span class='ocrx_word' id='word_1_165' title='bbox 261 2843 400 2906; x_wconf 83' lang='lat' dir='ltr'>maxime</span> <span class='ocrx_word' id='word_1_166' title='bbox 421 2862 456 2907; x_wconf 92' lang='lat' dir='ltr'>re</span> <span class='ocrx_word' id='word_1_167' title='bbox 480 2844 632 2923; x_wconf 89' lang='lat' dir='ltr'>adducor,</span> <span class='ocrx_word' id='word_1_168' title='bbox 658 2844 744 2926; x_wconf 91' lang='lat' dir='ltr'>quod</span> <span class='ocrx_word' id='word_1_169' title='bbox 761 2841 921 2907; x_wconf 91' lang='lat' dir='ltr'>ablativus</span> <span class='ocrx_word' id='word_1_170' title='bbox 939 2844 1132 2926; x_wconf 88' lang='lat' dir='ltr'>separativis</span> <span class='ocrx_word' id='word_1_171' title='bbox 1149 2862 1166 2906; x_wconf 93' lang='lat' dir='ltr'>e</span> <span class='ocrx_word' id='word_1_172' title='bbox 1183 2844 1397 2924; x_wconf 87' lang='lat' dir='ltr'>praepositio-</span> 
     </span>
     <span class='ocr_line' id='line_1_24' title="bbox 260 2945 1395 3029; baseline 0.001 -22"><span class='ocrx_word' id='word_1_173' title='bbox 260 2945 354 3009; x_wconf 90' lang='lat' dir='ltr'>nibus</span> <span class='ocrx_word' id='word_1_174' title='bbox 370 2947 514 3027; x_wconf 90' lang='lat' dir='ltr'>pendens</span> <span class='ocrx_word' id='word_1_175' title='bbox 531 2949 568 3010; x_wconf 90' lang='lat' dir='ltr'>iis</span> <span class='ocrx_word' id='word_1_176' title='bbox 584 2947 690 3012; x_wconf 85' lang='lat' dir='ltr'>verbis</span> <span class='ocrx_word' id='word_1_177' title='bbox 707 2966 942 3029; x_wconf 86' lang='lat' dir='ltr'>saepenumero</span> <span class='ocrx_word' id='word_1_178' title='bbox 956 2946 1157 3010; x_wconf 86' lang='lat' dir='ltr'>adscribitur.</span> <span class='ocrx_word' id='word_1_179' title='bbox 1183 2946 1304 3024; x_wconf 84' lang='lat' dir='ltr'>Restat,</span> <span class='ocrx_word' id='word_1_180' title='bbox 1318 2955 1352 3009; x_wconf 90' lang='lat' dir='ltr'>ut</span> <span class='ocrx_word' id='word_1_181' title='bbox 1364 2947 1395 3008; x_wconf 94' lang='lat' dir='ltr'>id</span> 
     </span>
     <span class='ocr_line' id='line_1_25' title="bbox 259 3047 1394 3130; baseline -0.001 -19"><span class='ocrx_word' id='word_1_182' title='bbox 259 3068 389 3130; x_wconf 89' lang='lat' dir='ltr'>quoque</span> <span class='ocrx_word' id='word_1_183' title='bbox 424 3069 718 3115; x_wconf 90' lang='lat' dir='ltr'>commemoremus</span> <span class='ocrx_word' id='word_1_184' title='bbox 752 3050 927 3114; x_wconf 92' lang='lat' dir='ltr'>ablativum</span> <span class='ocrx_word' id='word_1_185' title='bbox 960 3049 1116 3113; x_wconf 88' lang='lat' dir='ltr'>materiae</span> <span class='ocrx_word' id='word_1_186' title='bbox 1145 3051 1228 3113; x_wconf 91' lang='lat' dir='ltr'>adeo</span> <span class='ocrx_word' id='word_1_187' title='bbox 1263 3047 1394 3113; x_wconf 82' lang='lat' dir='ltr'>affinem</span> 
     </span>
     <span class='ocr_line' id='line_1_26' title="bbox 260 3151 1396 3236; baseline 0 -22"><span class='ocrx_word' id='word_1_188' title='bbox 260 3151 407 3215; x_wconf 91' lang='lat' dir='ltr'>ablativis</span> <span class='ocrx_word' id='word_1_189' title='bbox 440 3155 615 3216; x_wconf 85' lang='lat' dir='ltr'>comitatus</span> <span class='ocrx_word' id='word_1_190' title='bbox 648 3162 680 3218; x_wconf 91' lang='lat' dir='ltr'>et</span> <span class='ocrx_word' id='word_1_191' title='bbox 714 3154 878 3236; x_wconf 88' lang='lat' dir='ltr'>qualitatis</span> <span class='ocrx_word' id='word_1_192' title='bbox 906 3153 1065 3217; x_wconf 91' lang='lat' dir='ltr'>interdum</span> <span class='ocrx_word' id='word_1_193' title='bbox 1091 3171 1259 3234; x_wconf 90' lang='lat' dir='ltr'>apparere,</span> <span class='ocrx_word' id='word_1_194' title='bbox 1284 3153 1336 3214; x_wconf 80' lang='lat' dir='ltr'>vix</span> <span class='ocrx_word' id='word_1_195' title='bbox 1360 3161 1396 3214; x_wconf 90' lang='lat' dir='ltr'>ut</span> 
     </span>
     <span class='ocr_line' id='line_1_27' title="bbox 259 3252 1393 3339; baseline 0.001 -22"><span class='ocrx_word' id='word_1_196' title='bbox 259 3256 398 3319; x_wconf 86' lang='lat' dir='ltr'>discerni</span> <span class='ocrx_word' id='word_1_197' title='bbox 432 3257 542 3337; x_wconf 90' lang='lat' dir='ltr'>possit.</span> <span class='ocrx_word' id='word_1_198' title='bbox 588 3257 680 3339; x_wconf 84' lang='lat' dir='ltr'>Apud</span> <span class='ocrx_word' id='word_1_199' title='bbox 715 3258 897 3322; x_wconf 87' lang='lat' dir='ltr'>Lucretium</span> <span class='ocrx_word' id='word_1_200' title='bbox 933 3257 1013 3319; x_wconf 90' lang='lat' dir='ltr'>haec</span> <span class='ocrx_word' id='word_1_201' title='bbox 1047 3256 1255 3319; x_wconf 88' lang='lat' dir='ltr'>inveniuntur</span> <span class='ocrx_word' id='word_1_202' title='bbox 1278 3252 1393 3333; x_wconf 91' lang='lat' dir='ltr'>verba,</span> 
     </span>
     <span class='ocr_line' id='line_1_28' title="bbox 259 3357 944 3442; baseline -0.001 -23"><span class='ocrx_word' id='word_1_203' title='bbox 259 3357 375 3439; x_wconf 91' lang='lat' dir='ltr'>quibus</span> <span class='ocrx_word' id='word_1_204' title='bbox 399 3358 560 3422; x_wconf 89' lang='lat' dir='ltr'>ablativus</span> <span class='ocrx_word' id='word_1_205' title='bbox 584 3361 740 3423; x_wconf 91' lang='lat' dir='ltr'>materiae</span> <span class='ocrx_word' id='word_1_206' title='bbox 763 3360 944 3442; x_wconf 90' lang='lat' dir='ltr'>apponitur.</span> 
     </span>
    </p>
   </div>
   <div class='ocr_carea' id='block_1_5' title="bbox 693 3546 957 3731">
    <p class='ocr_par' dir='ltr' id='par_1_5' title="bbox 693 3546 957 3731">
     <span class='ocr_line' id='line_1_29' title="bbox 753 3546 901 3609; baseline 0 -1"><span class='ocrx_word' id='word_1_207' title='bbox 753 3546 901 3609; x_wconf 90' lang='lat' dir='ltr'>Verba:</span> 
     </span>
     <span class='ocr_line' id='line_1_30' title="bbox 693 3667 957 3731; baseline 0.004 -1"><span class='ocrx_word' id='word_1_208' title='bbox 693 3687 719 3730; x_wconf 93' lang='lat' dir='ltr'>a.</span> <span class='ocrx_word' id='word_1_209' title='bbox 743 3667 957 3731; x_wconf 90' lang='lat' dir='ltr'>intransitiva.</span> 
     </span>
    </p>
   </div>
   <div class='ocr_carea' id='block_1_6' title="bbox 248 3820 1396 4310">
    <p class='ocr_par' dir='ltr' id='par_1_6' title="bbox 248 3820 1396 4310">
     <span class='ocr_line' id='line_1_31' title="bbox 361 3820 1396 3901; baseline 0.001 -19"><span class='ocrx_word' id='word_1_210' title='bbox 361 3839 435 3883; x_wconf 80' lang='lat' dir='ltr'>assa.</span> <span class='ocrx_word' id='word_1_211' title='bbox 474 3820 485 3887; x_wconf 92' lang='lat' dir='ltr'>I</span> <span class='ocrx_word' id='word_1_212' title='bbox 501 3822 572 3900; x_wconf 76' lang='lat'>913,</span> <span class='ocrx_word' id='word_1_213' title='bbox 588 3821 881 3901; x_wconf 64' lang='lat' dir='ltr'>uesanosque,</span> <span class='ocrx_word' id='word_1_214' title='bbox 900 3821 935 3884; x_wconf 81' lang='lat' dir='ltr'>nl</span> <span class='ocrx_word' id='word_1_215' title='bbox 952 3820 1083 3901; x_wconf 65' lang='lat' dir='ltr'>mirano,</span> <span class='ocrx_word' id='word_1_216' title='bbox 1099 3820 1278 3884; x_wconf 72' lang='lat' dir='ltr'>malor‘t&#39;b</span> <span class='ocrx_word' id='word_1_217' title='bbox 1290 3842 1333 3883; x_wconf 84' lang='lat' dir='ltr'>us</span> <span class='ocrx_word' id='word_1_218' title='bbox 1347 3827 1396 3885; x_wconf 82' lang='lat' dir='ltr'>est</span> 
     </span>
     <span class='ocr_line' id='line_1_32' title="bbox 259 3910 1394 4006; baseline 0.003 -24"><span class='ocrx_word' id='word_1_219' title='bbox 259 3920 469 3986; x_wconf 56' lang='lat' dir='ltr'>alemenae</span> <span class='ocrx_word' id='word_1_220' title='bbox 491 3920 562 3984; x_wconf 35' lang='lat' dir='ltr'>altri</span> <span class='ocrx_word' id='word_1_221' title='bbox 582 3922 689 4006; x_wconf 72' lang='lat' dir='ltr'>acopis</span> <span class='ocrx_word' id='word_1_222' title='bbox 714 3922 865 3986; x_wconf 77' lang='lat' dir='ltr'>urrlntt&#39;s</span> <span class='ocrx_word' id='word_1_223' title='bbox 888 3923 976 3986; x_wconf 75' lang='lat' dir='ltr'>irater</span> <span class='ocrx_word' id='word_1_224' title='bbox 998 3944 1032 3987; x_wconf 88' lang='lat' dir='ltr'>se</span> <span class='ocrx_word' id='word_1_225' title='bbox 1048 3943 1178 4004; x_wconf 68' lang='lat' dir='ltr'>paruae</span> <span class='ocrx_word' id='word_1_226' title='bbox 1194 3910 1394 4002; x_wconf 74' lang='lat' dir='ltr'>plicatis:</span> 
     </span>
     <span class='ocr_line' id='line_1_33' title="bbox 248 4023 1392 4108; baseline 0.005 -24"><span class='ocrx_word' id='word_1_227' title='bbox 248 4023 320 4086; x_wconf 74' lang='lat'>445</span> <span class='ocrx_word' id='word_1_228' title='bbox 348 4023 440 4087; x_wconf 84' lang='lat' dir='ltr'>Haec</span> <span class='ocrx_word' id='word_1_229' title='bbox 468 4024 575 4108; x_wconf 66' lang='lat' dir='ltr'>misyis</span> <span class='ocrx_word' id='word_1_230' title='bbox 600 4024 749 4087; x_wconf 80' lang='lat' dir='ltr'>urnult&#39;s</span> <span class='ocrx_word' id='word_1_231' title='bbox 773 4025 860 4089; x_wconf 73' lang='lat' dir='ltr'>luter</span> <span class='ocrx_word' id='word_1_232' title='bbox 882 4046 951 4088; x_wconf 85' lang='lat' dir='ltr'>sese</span> <span class='ocrx_word' id='word_1_233' title='bbox 976 4046 1042 4088; x_wconf 82' lang='lat' dir='ltr'>esse</span> <span class='ocrx_word' id='word_1_234' title='bbox 1065 4029 1243 4105; x_wconf 80' lang='lat' dir='ltr'>leecessesl;</span> <span class='ocrx_word' id='word_1_235' title='bbox 1257 4026 1305 4105; x_wconf 59' lang='lat'>,111</span> <span class='ocrx_word' id='word_1_236' title='bbox 1329 4029 1392 4090; x_wconf 78' lang='lat'>217</span> 
     </span>
     <span class='ocr_line' id='line_1_34' title="bbox 257 4123 1393 4208; baseline 0.004 -23"><span class='ocrx_word' id='word_1_237' title='bbox 257 4123 347 4207; x_wconf 71' lang='lat' dir='ltr'>Eupo</span> <span class='ocrx_word' id='word_1_238' title='bbox 383 4125 531 4190; x_wconf 72' lang='lat' dir='ltr'>(illimem</span> <span class='ocrx_word' id='word_1_239' title='bbox 568 4131 666 4190; x_wconf 82' lang='lat' dir='ltr'>lotum</span> <span class='ocrx_word' id='word_1_240' title='bbox 684 4127 913 4208; x_wconf 74' lang='lat' dir='ltr'>perparvis</span> <span class='ocrx_word' id='word_1_241' title='bbox 943 4148 1010 4191; x_wconf 88' lang='lat' dir='ltr'>esse</span> <span class='ocrx_word' id='word_1_242' title='bbox 1033 4131 1197 4192; x_wconf 83' lang='lat' dir='ltr'>necessest</span> <span class='ocrx_word' id='word_1_243' title='bbox 1218 4126 1393 4192; x_wconf 82' lang='lat' dir='ltr'>Semi-ni·</span> 
     </span>
     <span class='ocr_line' id='line_1_35' title="bbox 257 4225 1392 4310; baseline 0.008 -25"><span class='ocrx_word' id='word_1_244' title='bbox 257 4225 274 4286; x_wconf 74' lang='lat' dir='ltr'>li</span> <span class='ocrx_word' id='word_1_245' title='bbox 288 4247 345 4308; x_wconf 77' lang='lat' dir='ltr'>us,</span> <span class='ocrx_word' id='word_1_246' title='bbox 379 4249 502 4292; x_wconf 74' lang='lat' dir='ltr'>liceum</span> <span class='ocrx_word' id='word_1_247' title='bbox 530 4250 596 4309; x_wconf 78' lang='lat' dir='ltr'>per·</span> <span class='ocrx_word' id='word_1_248' title='bbox 617 4251 720 4294; x_wconf 80' lang='lat' dir='ltr'>uenus</span> <span class='ocrx_word' id='word_1_249' title='bbox 743 4230 870 4294; x_wconf 75' lang='lat' dir='ltr'>viscera</span> <span class='ocrx_word' id='word_1_250' title='bbox 893 4251 1032 4310; x_wconf 67' lang='lat' dir='ltr'>neruos,</span> <span class='ocrx_word' id='word_1_251' title='bbox 1055 4231 1099 4294; x_wconf 87' lang='lat' dir='ltr'>ibi</span> <span class='ocrx_word' id='word_1_252' title='bbox 1123 4230 1276 4295; x_wconf 86' lang='lat' dir='ltr'>Heiuzius</span> <span class='ocrx_word' id='word_1_253' title='bbox 1300 4251 1392 4296; x_wconf 89' lang='lat' dir='ltr'>com-</span> 
     </span>
    </p>
   </div>
   <div class='ocr_carea' id='block_1_7' title="bbox 0 0 1486 4890">
    <p class='ocr_par' dir='ltr' id='par_1_7' title="bbox 0 0 1486 4890">
     <span class='ocr_line' id='line_1_36' title="bbox 0 0 1486 4890; baseline 0 3"><span class='ocrx_word' id='word_1_254' title='bbox 0 0 1486 4890; x_wconf 95' lang='lat' dir='ltr'> </span> 
     </span>
    </p>
   </div>
  </div>
 </body>
</html>
