<?xml version="1.0" encoding="UTF-8"?>
<!DOCTYPE html PUBLIC "-//W3C//DTD XHTML 1.0 Transitional//EN"
    "http://www.w3.org/TR/xhtml1/DTD/xhtml1-transitional.dtd">
<html xmlns="http://www.w3.org/1999/xhtml" xml:lang="en" lang="en">
 <head>
  <title>
</title>
<meta http-equiv="Content-Type" content="text/html;charset=utf-8" />
  <meta name='ocr-system' content='tesseract 3.04.00' />
  <meta name='ocr-capabilities' content='ocr_page ocr_carea ocr_par ocr_line ocrx_word'/>
</head>
<body>
  <div class='ocr_page' id='page_1' title='image "./decasvvmsyntaxi00hidgoog_0025.png"; bbox 0 0 2964 4890; ppageno 0'>
   <div class='ocr_carea' id='block_1_1' title="bbox 216 211 235 267">
    <p class='ocr_par' dir='ltr' id='par_1_1' title="bbox 216 211 235 267">
     <span class='ocr_line' id='line_1_1' title="bbox 216 211 235 267; baseline 0 0"><span class='ocrx_word' id='word_1_1' title='bbox 216 211 235 267; x_wconf 76' lang='lat' dir='ltr'>a</span> 
     </span>
    </p>
   </div>
   <div class='ocr_carea' id='block_1_2' title="bbox 116 396 1303 3668">
    <p class='ocr_par' dir='ltr' id='par_1_2' title="bbox 168 396 1303 2020">
     <span class='ocr_line' id='line_1_2' title="bbox 174 396 1299 478; baseline 0.001 -17"><span class='ocrx_word' id='word_1_2' title='bbox 174 396 250 461; x_wconf 90' lang='lat' dir='ltr'>bent</span> <span class='ocrx_word' id='word_1_3' title='bbox 277 396 322 474; x_wconf 78' lang='lat' dir='ltr'>&#39;sit</span> <span class='ocrx_word' id='word_1_4' title='bbox 355 417 494 476; x_wconf 75' lang='lat' dir='ltr'>quoque,</span> <span class='ocrx_word' id='word_1_5' title='bbox 523 396 610 478; x_wconf 94' lang='lat' dir='ltr'>quod</span> <span class='ocrx_word' id='word_1_6' title='bbox 632 403 825 477; x_wconf 90' lang='lat' dir='ltr'>receperunt</span> <span class='ocrx_word' id='word_1_7' title='bbox 846 397 961 461; x_wconf 91' lang='lat' dir='ltr'>Munro</span> <span class='ocrx_word' id='word_1_8' title='bbox 985 398 1122 478; x_wconf 81' lang='lat' dir='ltr'>Brieger‚</span> <span class='ocrx_word' id='word_1_9' title='bbox 1147 416 1220 462; x_wconf 92' lang='lat' dir='ltr'>cum</span> <span class='ocrx_word' id='word_1_10' title='bbox 1245 417 1299 462; x_wconf 89' lang='lat' dir='ltr'>ve-</span> 
     </span>
     <span class='ocr_line' id='line_1_3' title="bbox 172 499 1303 581; baseline -0.001 -17"><span class='ocrx_word' id='word_1_11' title='bbox 172 508 258 565; x_wconf 89' lang='lat' dir='ltr'>teres</span> <span class='ocrx_word' id='word_1_12' title='bbox 295 501 435 564; x_wconf 84' lang='lat' dir='ltr'>editores</span> <span class='ocrx_word' id='word_1_13' title='bbox 470 501 571 564; x_wconf 88' lang='lat' dir='ltr'>secuti</span> <span class='ocrx_word' id='word_1_14' title='bbox 605 503 644 562; x_wconf 83' lang='lat' dir='ltr'>ut</span> <span class='ocrx_word' id='word_1_15' title='bbox 675 506 748 581; x_wconf 89' lang='lat' dir='ltr'>post</span> <span class='ocrx_word' id='word_1_16' title='bbox 778 499 933 564; x_wconf 77' lang='lat' dir='ltr'>continuo</span> <span class='ocrx_word' id='word_1_17' title='bbox 957 500 1136 564; x_wconf 84' lang='lat' dir='ltr'>scribentes</span> <span class='ocrx_word' id='word_1_18' title='bbox 1160 500 1303 563; x_wconf 81' lang='lat' dir='ltr'>trucidet</span> 
     </span>
     <span class='ocr_line' id='line_1_4' title="bbox 173 601 1299 687; baseline 0 -20"><span class='ocrx_word' id='word_1_19' title='bbox 173 604 306 667; x_wconf 86' lang='lat' dir='ltr'>ederent</span> <span class='ocrx_word' id='word_1_20' title='bbox 319 603 351 687; x_wconf 83' lang='grc'>1).</span> <span class='ocrx_word' id='word_1_21' title='bbox 391 601 563 665; x_wconf 86' lang='lat' dir='ltr'>Praeterea</span> <span class='ocrx_word' id='word_1_22' title='bbox 585 603 618 665; x_wconf 92' lang='lat' dir='ltr'>in</span> <span class='ocrx_word' id='word_1_23' title='bbox 641 621 753 665; x_wconf 90' lang='lat' dir='ltr'>versus</span> <span class='ocrx_word' id='word_1_24' title='bbox 776 603 864 666; x_wconf 94' lang='lat' dir='ltr'>initio</span> <span class='ocrx_word' id='word_1_25' title='bbox 887 603 969 666; x_wconf 87' lang='lat' dir='ltr'>haec</span> <span class='ocrx_word' id='word_1_26' title='bbox 992 609 1167 666; x_wconf 86' lang='lat' dir='ltr'>occurrunt</span> <span class='ocrx_word' id='word_1_27' title='bbox 1189 603 1299 668; x_wconf 85' lang='lat' dir='ltr'>verba.</span> 
     </span>
     <span class='ocr_line' id='line_1_5' title="bbox 174 704 1300 785; baseline -0.001 -15"><span class='ocrx_word' id='word_1_28' title='bbox 174 707 260 770; x_wconf 88' lang='lat' dir='ltr'>velut</span> <span class='ocrx_word' id='word_1_29' title='bbox 293 706 432 768; x_wconf 79' lang='lat'>111*412</span> <span class='ocrx_word' id='word_1_30' title='bbox 465 704 510 768; x_wconf 77' lang='lat' dir='ltr'>m</span> <span class='ocrx_word' id='word_1_31' title='bbox 544 726 673 784; x_wconf 81' lang='lat' dir='ltr'>quoque</span> <span class='ocrx_word' id='word_1_32' title='bbox 702 704 790 768; x_wconf 76' lang='lat' dir='ltr'>emim</span> <span class='ocrx_word' id='word_1_33' title='bbox 817 704 889 769; x_wconf 78' lang='lat' dir='ltr'>sirac</span> <span class='ocrx_word' id='word_1_34' title='bbox 907 705 1058 785; x_wconf 73' lang='lat' dir='ltr'>pernicie</span> <span class='ocrx_word' id='word_1_35' title='bbox 1080 726 1151 770; x_wconf 79' lang='lat' dir='ltr'>mort</span> <span class='ocrx_word' id='word_1_36' title='bbox 1173 705 1230 783; x_wconf 81' lang='lat' dir='ltr'>siet</span> <span class='ocrx_word' id='word_1_37' title='bbox 1252 727 1300 769; x_wconf 82' lang='lat' dir='ltr'>eo-</span> 
     </span>
     <span class='ocr_line' id='line_1_6' title="bbox 172 807 1299 893; baseline 0 -22"><span class='ocrx_word' id='word_1_38' title='bbox 172 830 247 872; x_wconf 80' lang='lat' dir='ltr'>rum</span> <span class='ocrx_word' id='word_1_39' title='bbox 263 809 301 893; x_wconf 83' lang='grc'>2);</span> <span class='ocrx_word' id='word_1_40' title='bbox 324 811 387 873; x_wconf 78' lang='grc'>512</span> <span class='ocrx_word' id='word_1_41' title='bbox 410 807 455 871; x_wconf 83' lang='lat' dir='ltr'>Id</span> <span class='ocrx_word' id='word_1_42' title='bbox 477 829 606 887; x_wconf 76' lang='lat' dir='ltr'>qnoque</span> <span class='ocrx_word' id='word_1_43' title='bbox 624 807 801 889; x_wconf 66' lang='lat' dir='ltr'>praecurrit</span> <span class='ocrx_word' id='word_1_44' title='bbox 824 809 995 872; x_wconf 78' lang='lat' dir='ltr'>mortalem</span> <span class='ocrx_word' id='word_1_45' title='bbox 1017 808 1125 872; x_wconf 75' lang='lat' dir='ltr'>mirere</span> <span class='ocrx_word' id='word_1_46' title='bbox 1148 813 1299 872; x_wconf 76' lang='lat' dir='ltr'>urentem.</span> 
     </span>
     <span class='ocr_line' id='line_1_7' title="bbox 173 910 1301 993; baseline 0 -18"><span class='ocrx_word' id='word_1_47' title='bbox 173 911 294 991; x_wconf 83' lang='lat' dir='ltr'>Quibus</span> <span class='ocrx_word' id='word_1_48' title='bbox 317 912 396 975; x_wconf 90' lang='lat' dir='ltr'>locis</span> <span class='ocrx_word' id='word_1_49' title='bbox 419 918 553 992; x_wconf 88' lang='lat' dir='ltr'>apparet</span> <span class='ocrx_word' id='word_1_50' title='bbox 575 910 611 973; x_wconf 82' lang='lat' dir='ltr'>id</span> <span class='ocrx_word' id='word_1_51' title='bbox 634 932 763 990; x_wconf 69' lang='lat' dir='ltr'>qaroque</span> <span class='ocrx_word' id='word_1_52' title='bbox 786 912 901 974; x_wconf 91' lang='lat' dir='ltr'>eodem</span> <span class='ocrx_word' id='word_1_53' title='bbox 926 912 1023 975; x_wconf 93' lang='lat' dir='ltr'>modo</span> <span class='ocrx_word' id='word_1_54' title='bbox 1040 931 1104 993; x_wconf 94' lang='lat' dir='ltr'>quo</span> <span class='ocrx_word' id='word_1_55' title='bbox 1121 912 1301 976; x_wconf 89' lang='lat' dir='ltr'>locutiones</span> 
     </span>
     <span class='ocr_line' id='line_1_8' title="bbox 173 1013 1301 1097; baseline 0 -19"><span class='ocrx_word' id='word_1_56' title='bbox 173 1036 267 1079; x_wconf 77' lang='lat' dir='ltr'>cmm</span> <span class='ocrx_word' id='word_1_57' title='bbox 299 1035 406 1097; x_wconf 75' lang='lat' dir='ltr'>pamm</span> <span class='ocrx_word' id='word_1_58' title='bbox 440 1013 497 1077; x_wconf 85' lang='lat' dir='ltr'>boc</span> <span class='ocrx_word' id='word_1_59' title='bbox 523 1034 630 1096; x_wconf 72' lang='lat' dir='ltr'>periris</span> <span class='ocrx_word' id='word_1_60' title='bbox 653 1013 741 1092; x_wconf 77' lang='lat' dir='ltr'>qrrod</span> <span class='ocrx_word' id='word_1_61' title='bbox 763 1034 870 1095; x_wconf 71' lang='lat' dir='ltr'>portur</span> <span class='ocrx_word' id='word_1_62' title='bbox 892 1014 925 1077; x_wconf 94' lang='lat' dir='ltr'>in</span> <span class='ocrx_word' id='word_1_63' title='bbox 947 1014 1037 1077; x_wconf 88' lang='lat' dir='ltr'>initio</span> <span class='ocrx_word' id='word_1_64' title='bbox 1060 1035 1173 1078; x_wconf 87' lang='lat' dir='ltr'>versus</span> <span class='ocrx_word' id='word_1_65' title='bbox 1195 1033 1216 1078; x_wconf 88' lang='lat' dir='ltr'>a</span> <span class='ocrx_word' id='word_1_66' title='bbox 1239 1015 1301 1078; x_wconf 83' lang='lat' dir='ltr'>Lu-</span> 
     </span>
     <span class='ocr_line' id='line_1_9' title="bbox 173 1116 1299 1199; baseline -0.004 -17"><span class='ocrx_word' id='word_1_67' title='bbox 173 1119 273 1182; x_wconf 88' lang='lat' dir='ltr'>cretio</span> <span class='ocrx_word' id='word_1_68' title='bbox 307 1117 463 1198; x_wconf 87' lang='lat' dir='ltr'>usurpari.</span> <span class='ocrx_word' id='word_1_69' title='bbox 506 1117 617 1197; x_wconf 90' lang='lat' dir='ltr'>Neque</span> <span class='ocrx_word' id='word_1_70' title='bbox 651 1116 921 1197; x_wconf 88' lang='lat' dir='ltr'>praetereundum</span> <span class='ocrx_word' id='word_1_71' title='bbox 956 1122 1005 1179; x_wconf 90' lang='lat' dir='ltr'>est</span> <span class='ocrx_word' id='word_1_72' title='bbox 1028 1116 1202 1199; x_wconf 68' lang='lat' dir='ltr'>tripolim,</span> <span class='ocrx_word' id='word_1_73' title='bbox 1227 1136 1299 1180; x_wconf 88' lang='lat' dir='ltr'>cum</span> 
     </span>
     <span class='ocr_line' id='line_1_10' title="bbox 176 1220 1300 1302; baseline -0.001 -19"><span class='ocrx_word' id='word_1_74' title='bbox 176 1220 262 1302; x_wconf 86' lang='lat' dir='ltr'>apud</span> <span class='ocrx_word' id='word_1_75' title='bbox 285 1220 365 1284; x_wconf 88' lang='lat' dir='ltr'>alios</span> <span class='ocrx_word' id='word_1_76' title='bbox 388 1221 561 1301; x_wconf 86' lang='lat' dir='ltr'>scriptores</span> <span class='ocrx_word' id='word_1_77' title='bbox 583 1238 649 1282; x_wconf 91' lang='lat' dir='ltr'>non</span> <span class='ocrx_word' id='word_1_78' title='bbox 671 1237 746 1283; x_wconf 89' lang='lat' dir='ltr'>raro</span> <span class='ocrx_word' id='word_1_79' title='bbox 770 1237 809 1282; x_wconf 91' lang='lat' dir='ltr'>ea</span> <span class='ocrx_word' id='word_1_80' title='bbox 831 1228 982 1283; x_wconf 86' lang='lat' dir='ltr'>occurrat</span> <span class='ocrx_word' id='word_1_81' title='bbox 1007 1220 1136 1298; x_wconf 86' lang='lat' dir='ltr'>locutio,</span> <span class='ocrx_word' id='word_1_82' title='bbox 1153 1220 1300 1300; x_wconf 85' lang='lat' dir='ltr'>nuspiam</span> 
     </span>
     <span class='ocr_line' id='line_1_11' title="bbox 173 1322 1301 1404; baseline 0 -18"><span class='ocrx_word' id='word_1_83' title='bbox 173 1323 259 1404; x_wconf 90' lang='lat' dir='ltr'>apud</span> <span class='ocrx_word' id='word_1_84' title='bbox 282 1323 464 1386; x_wconf 88' lang='lat' dir='ltr'>Lucretium</span> <span class='ocrx_word' id='word_1_85' title='bbox 487 1322 627 1403; x_wconf 84' lang='lat' dir='ltr'>reperiri,</span> <span class='ocrx_word' id='word_1_86' title='bbox 651 1323 702 1386; x_wconf 92' lang='lat' dir='ltr'>cui</span> <span class='ocrx_word' id='word_1_87' title='bbox 726 1323 794 1385; x_wconf 88' lang='lat' dir='ltr'>eius</span> <span class='ocrx_word' id='word_1_88' title='bbox 816 1323 943 1402; x_wconf 85' lang='lat' dir='ltr'>generis</span> <span class='ocrx_word' id='word_1_89' title='bbox 966 1323 1145 1387; x_wconf 89' lang='lat' dir='ltr'>locutiones</span> <span class='ocrx_word' id='word_1_90' title='bbox 1161 1324 1301 1386; x_wconf 83' lang='lat' dir='ltr'>maxime</span> 
     </span>
     <span class='ocr_line' id='line_1_12' title="bbox 172 1424 1302 1507; baseline 0 -19"><span class='ocrx_word' id='word_1_91' title='bbox 172 1426 333 1506; x_wconf 83' lang='lat' dir='ltr'>placuisse</span> <span class='ocrx_word' id='word_1_92' title='bbox 366 1431 480 1507; x_wconf 89' lang='lat' dir='ltr'>postea</span> <span class='ocrx_word' id='word_1_93' title='bbox 514 1425 692 1489; x_wconf 88' lang='lat' dir='ltr'>ostendam.</span> <span class='ocrx_word' id='word_1_94' title='bbox 737 1424 881 1504; x_wconf 78' lang='lat' dir='ltr'>Accedit,</span> <span class='ocrx_word' id='word_1_95' title='bbox 911 1425 998 1506; x_wconf 92' lang='lat' dir='ltr'>quod</span> <span class='ocrx_word' id='word_1_96' title='bbox 1021 1426 1053 1488; x_wconf 94' lang='lat' dir='ltr'>in</span> <span class='ocrx_word' id='word_1_97' title='bbox 1077 1426 1165 1488; x_wconf 87' lang='lat' dir='ltr'>initio</span> <span class='ocrx_word' id='word_1_98' title='bbox 1189 1444 1302 1488; x_wconf 89' lang='lat' dir='ltr'>versus</span> 
     </span>
     <span class='ocr_line' id='line_1_13' title="bbox 173 1526 1301 1610; baseline -0.001 -19"><span class='ocrx_word' id='word_1_99' title='bbox 173 1547 273 1610; x_wconf 85' lang='lat' dir='ltr'>saepe</span> <span class='ocrx_word' id='word_1_100' title='bbox 303 1547 323 1592; x_wconf 90' lang='lat' dir='ltr'>a</span> <span class='ocrx_word' id='word_1_101' title='bbox 351 1529 500 1592; x_wconf 90' lang='lat' dir='ltr'>Lucretio</span> <span class='ocrx_word' id='word_1_102' title='bbox 524 1529 654 1608; x_wconf 88' lang='lat' dir='ltr'>ponitur</span> <span class='ocrx_word' id='word_1_103' title='bbox 677 1527 777 1606; x_wconf 83' lang='lat' dir='ltr'>idque</span> <span class='ocrx_word' id='word_1_104' title='bbox 807 1546 833 1591; x_wconf 89' lang='lat' dir='ltr'>e.</span> <span class='ocrx_word' id='word_1_105' title='bbox 856 1547 900 1608; x_wconf 84' lang='lat' dir='ltr'>gr.</span> <span class='ocrx_word' id='word_1_106' title='bbox 923 1528 961 1591; x_wconf 93' lang='grc'>111</span> <span class='ocrx_word' id='word_1_107' title='bbox 986 1530 1048 1592; x_wconf 82' lang='grc'>140</span> <span class='ocrx_word' id='word_1_108' title='bbox 1069 1527 1178 1606; x_wconf 78' lang='lat' dir='ltr'>quue</span> <span class='ocrx_word' id='word_1_109' title='bbox 1200 1526 1301 1590; x_wconf 71' lang='lat' dir='ltr'>sittim</span> 
     </span>
     <span class='ocr_line' id='line_1_14' title="bbox 173 1629 1301 1713; baseline -0.002 -19"><span class='ocrx_word' id='word_1_110' title='bbox 173 1630 283 1695; x_wconf 81' lang='lat' dir='ltr'>media</span> <span class='ocrx_word' id='word_1_111' title='bbox 315 1631 450 1713; x_wconf 28' lang='lat' dir='ltr'>relqiorte</span> <span class='ocrx_word' id='word_1_112' title='bbox 483 1631 521 1694; x_wconf 83' lang='lat' dir='ltr'>im</span> <span class='ocrx_word' id='word_1_113' title='bbox 549 1629 693 1710; x_wconf 80' lang='lat' dir='ltr'>pectoris</span> <span class='ocrx_word' id='word_1_114' title='bbox 727 1629 856 1708; x_wconf 76' lang='lat' dir='ltr'>liceret:</span> <span class='ocrx_word' id='word_1_115' title='bbox 897 1632 953 1694; x_wconf 78' lang='lat'>145</span> <span class='ocrx_word' id='word_1_116' title='bbox 982 1629 1090 1708; x_wconf 84' lang='lat' dir='ltr'>quue</span> <span class='ocrx_word' id='word_1_117' title='bbox 1112 1629 1173 1692; x_wconf 75' lang='lat' dir='ltr'>aidi</span> <span class='ocrx_word' id='word_1_118' title='bbox 1195 1629 1301 1692; x_wconf 78' lang='lat' dir='ltr'>sotum</span> 
     </span>
     <span class='ocr_line' id='line_1_15' title="bbox 168 1731 1301 1816; baseline -0.004 -19"><span class='ocrx_word' id='word_1_119' title='bbox 168 1754 233 1813; x_wconf 81' lang='lat' dir='ltr'>per</span> <span class='ocrx_word' id='word_1_120' title='bbox 265 1755 299 1798; x_wconf 81' lang='lat' dir='ltr'>se</span> <span class='ocrx_word' id='word_1_121' title='bbox 334 1733 437 1814; x_wconf 77' lang='lat' dir='ltr'>sup-it:</span> <span class='ocrx_word' id='word_1_122' title='bbox 471 1733 506 1797; x_wconf 85' lang='lat' dir='ltr'>id</span> <span class='ocrx_word' id='word_1_123' title='bbox 540 1732 602 1796; x_wconf 80' lang='lat' dir='ltr'>sibi</span> <span class='ocrx_word' id='word_1_124' title='bbox 635 1733 776 1816; x_wconf 70' lang='lat' dir='ltr'>pendet·</span> <span class='ocrx_word' id='word_1_125' title='bbox 810 1733 838 1796; x_wconf 94' lang='lat' dir='ltr'>V</span> <span class='ocrx_word' id='word_1_126' title='bbox 875 1733 956 1797; x_wconf 83' lang='lat'>1434</span> <span class='ocrx_word' id='word_1_127' title='bbox 978 1731 1087 1811; x_wconf 77' lang='lat' dir='ltr'>quue</span> <span class='ocrx_word' id='word_1_128' title='bbox 1109 1731 1301 1797; x_wconf 80' lang='lat' dir='ltr'>minutatim</span> 
     </span>
     <span class='ocr_line' id='line_1_16' title="bbox 173 1834 1301 1916; baseline -0.001 -17"><span class='ocrx_word' id='word_1_129' title='bbox 173 1835 275 1900; x_wconf 79' lang='lat' dir='ltr'>uitam</span> <span class='ocrx_word' id='word_1_130' title='bbox 304 1837 460 1916; x_wconf 75' lang='lat' dir='ltr'>procerit</span> <span class='ocrx_word' id='word_1_131' title='bbox 492 1836 528 1899; x_wconf 80' lang='lat' dir='ltr'>tri</span> <span class='ocrx_word' id='word_1_132' title='bbox 563 1836 686 1914; x_wconf 67' lang='lat' dir='ltr'>utitem:</span> <span class='ocrx_word' id='word_1_133' title='bbox 714 1834 755 1898; x_wconf 92' lang='lat' dir='ltr'>IV</span> <span class='ocrx_word' id='word_1_134' title='bbox 780 1834 1203 1912; x_wconf 61' lang='lat' dir='ltr'>mammaemammal</span> <span class='ocrx_word' id='word_1_135' title='bbox 1227 1855 1301 1898; x_wconf 78' lang='lat' dir='ltr'>rort-</span> 
     </span>
     <span class='ocr_line' id='line_1_17' title="bbox 173 1937 1301 2020; baseline -0.002 -18"><span class='ocrx_word' id='word_1_136' title='bbox 173 1943 318 2003; x_wconf 78' lang='lat' dir='ltr'>suermrt</span> <span class='ocrx_word' id='word_1_137' title='bbox 348 1943 456 2003; x_wconf 80' lang='lat' dir='ltr'>scorto</span> <span class='ocrx_word' id='word_1_138' title='bbox 481 1937 613 2018; x_wconf 76' lang='lat' dir='ltr'>morari,</span> <span class='ocrx_word' id='word_1_139' title='bbox 642 1939 681 2002; x_wconf 92' lang='lat' dir='ltr'>de</span> <span class='ocrx_word' id='word_1_140' title='bbox 712 1957 777 2020; x_wconf 93' lang='lat' dir='ltr'>quo</span> <span class='ocrx_word' id='word_1_141' title='bbox 807 1939 879 2001; x_wconf 89' lang='lat' dir='ltr'>loco</span> <span class='ocrx_word' id='word_1_142' title='bbox 903 1937 963 2001; x_wconf 91' lang='lat' dir='ltr'>sub</span> <span class='ocrx_word' id='word_1_143' title='bbox 987 1937 1174 2001; x_wconf 90' lang='lat' dir='ltr'>accusativo</span> <span class='ocrx_word' id='word_1_144' title='bbox 1197 1956 1301 2018; x_wconf 87' lang='lat' dir='ltr'>agam.</span> 
     </span>
    </p>

    <p class='ocr_par' dir='ltr' id='par_1_3' title="bbox 174 2040 1301 2225">
     <span class='ocr_line' id='line_1_18' title="bbox 276 2040 1301 2123; baseline -0.004 -17"><span class='ocrx_word' id='word_1_145' title='bbox 276 2043 322 2106; x_wconf 89' lang='lat' dir='ltr'>De</span> <span class='ocrx_word' id='word_1_146' title='bbox 355 2041 571 2106; x_wconf 89' lang='lat' dir='ltr'>locutionibus</span> <span class='ocrx_word' id='word_1_147' title='bbox 606 2062 699 2105; x_wconf 81' lang='lat' dir='ltr'>omrm</span> <span class='ocrx_word' id='word_1_148' title='bbox 732 2061 839 2123; x_wconf 72' lang='lat' dir='ltr'>pertas</span> <span class='ocrx_word' id='word_1_149' title='bbox 872 2040 929 2103; x_wconf 80' lang='lat' dir='ltr'>boe</span> <span class='ocrx_word' id='word_1_150' title='bbox 954 2061 1061 2121; x_wconf 74' lang='lat' dir='ltr'>¹qaam</span> <span class='ocrx_word' id='word_1_151' title='bbox 1085 2041 1173 2119; x_wconf 84' lang='lat' dir='ltr'>quod</span> <span class='ocrx_word' id='word_1_152' title='bbox 1194 2061 1301 2123; x_wconf 72' lang='lat' dir='ltr'>pertus·</span> 
     </span>
     <span class='ocr_line' id='line_1_19' title="bbox 174 2142 1082 2225; baseline -0.004 -16"><span class='ocrx_word' id='word_1_153' title='bbox 174 2146 294 2224; x_wconf 77' lang='lat' dir='ltr'>videaS,</span> <span class='ocrx_word' id='word_1_154' title='bbox 319 2163 402 2225; x_wconf 89' lang='lat' dir='ltr'>quae</span> <span class='ocrx_word' id='word_1_155' title='bbox 425 2145 580 2209; x_wconf 83' lang='lat' dir='ltr'>disseram</span> <span class='ocrx_word' id='word_1_156' title='bbox 605 2143 665 2207; x_wconf 90' lang='lat' dir='ltr'>sub</span> <span class='ocrx_word' id='word_1_157' title='bbox 688 2144 876 2207; x_wconf 86' lang='lat' dir='ltr'>accusativo</span> <span class='ocrx_word' id='word_1_158' title='bbox 900 2142 1082 2207; x_wconf 88' lang='lat' dir='ltr'>adverbiali.</span> 
     </span>
    </p>

    <p class='ocr_par' dir='ltr' id='par_1_4' title="bbox 116 2245 1303 3668">
     <span class='ocr_line' id='line_1_20' title="bbox 276 2245 1301 2328; baseline 0 -18"><span class='ocrx_word' id='word_1_159' title='bbox 276 2249 305 2311; x_wconf 78' lang='lat'>2.</span> <span class='ocrx_word' id='word_1_160' title='bbox 339 2247 460 2312; x_wconf 88' lang='lat' dir='ltr'>Deinde</span> <span class='ocrx_word' id='word_1_161' title='bbox 484 2265 618 2311; x_wconf 91' lang='lat' dir='ltr'>necesse</span> <span class='ocrx_word' id='word_1_162' title='bbox 641 2252 691 2310; x_wconf 89' lang='lat' dir='ltr'>est</span> <span class='ocrx_word' id='word_1_163' title='bbox 712 2246 812 2310; x_wconf 90' lang='lat' dir='ltr'>verba</span> <span class='ocrx_word' id='word_1_164' title='bbox 825 2245 982 2310; x_wconf 83' lang='lat' dir='ltr'>faciamus</span> <span class='ocrx_word' id='word_1_165' title='bbox 994 2246 1033 2309; x_wconf 90' lang='lat' dir='ltr'>de</span> <span class='ocrx_word' id='word_1_166' title='bbox 1047 2252 1210 2310; x_wconf 87' lang='lat' dir='ltr'>structura</span> <span class='ocrx_word' id='word_1_167' title='bbox 1222 2265 1301 2328; x_wconf 88' lang='lat' dir='ltr'>qua-</span> 
     </span>
     <span class='ocr_line' id='line_1_21' title="bbox 175 2350 1302 2431; baseline -0.004 -16"><span class='ocrx_word' id='word_1_168' title='bbox 175 2352 250 2415; x_wconf 86' lang='lat' dir='ltr'>dam</span> <span class='ocrx_word' id='word_1_169' title='bbox 284 2352 485 2429; x_wconf 72' lang='lat' dir='ltr'>Lucretiam,</span> <span class='ocrx_word' id='word_1_170' title='bbox 520 2371 595 2414; x_wconf 91' lang='lat' dir='ltr'>cum</span> <span class='ocrx_word' id='word_1_171' title='bbox 629 2368 736 2431; x_wconf 78' lang='lat' dir='ltr'>saepe,</span> <span class='ocrx_word' id='word_1_172' title='bbox 771 2351 919 2431; x_wconf 89' lang='lat' dir='ltr'>quamvis</span> <span class='ocrx_word' id='word_1_173' title='bbox 952 2350 1084 2430; x_wconf 89' lang='lat' dir='ltr'>paulum</span> <span class='ocrx_word' id='word_1_174' title='bbox 1107 2350 1217 2428; x_wconf 87' lang='lat' dir='ltr'>variet,</span> <span class='ocrx_word' id='word_1_175' title='bbox 1242 2368 1302 2413; x_wconf 91' lang='lat' dir='ltr'>nos</span> 
     </span>
     <span class='ocr_line' id='line_1_22' title="bbox 116 2450 1302 2535; baseline -0.003 -18"><span class='ocrx_word' id='word_1_176' title='bbox 116 2450 117 2453; x_wconf 66' lang='grc'>’</span> <span class='ocrx_word' id='word_1_177' title='bbox 174 2454 326 2534; x_wconf 80' lang='lat' dir='ltr'>offendat,</span> <span class='ocrx_word' id='word_1_178' title='bbox 362 2472 467 2534; x_wconf 90' lang='lat' dir='ltr'>neque</span> <span class='ocrx_word' id='word_1_179' title='bbox 489 2454 531 2517; x_wconf 89' lang='lat' dir='ltr'>ad</span> <span class='ocrx_word' id='word_1_180' title='bbox 553 2455 643 2517; x_wconf 74' lang='lat' dir='ltr'>locos</span> <span class='ocrx_word' id='word_1_181' title='bbox 667 2454 826 2535; x_wconf 89' lang='lat' dir='ltr'>quosdam</span> <span class='ocrx_word' id='word_1_182' title='bbox 848 2461 936 2516; x_wconf 87' lang='lat' dir='ltr'>recte</span> <span class='ocrx_word' id='word_1_183' title='bbox 959 2452 1190 2532; x_wconf 84' lang='lat' dir='ltr'>intellegendos</span> <span class='ocrx_word' id='word_1_184' title='bbox 1212 2453 1302 2532; x_wconf 86' lang='lat' dir='ltr'>parvi</span> 
     </span>
     <span class='ocr_line' id='line_1_23' title="bbox 175 2554 1303 2631; baseline -0.004 -11"><span class='ocrx_word' id='word_1_185' title='bbox 175 2557 213 2620; x_wconf 89' lang='lat' dir='ltr'>sit</span> <span class='ocrx_word' id='word_1_186' title='bbox 247 2557 413 2621; x_wconf 89' lang='lat' dir='ltr'>momenti.</span> <span class='ocrx_word' id='word_1_187' title='bbox 457 2557 527 2620; x_wconf 89' lang='lat' dir='ltr'>Mos</span> <span class='ocrx_word' id='word_1_188' title='bbox 561 2557 644 2620; x_wconf 91' lang='lat' dir='ltr'>enim</span> <span class='ocrx_word' id='word_1_189' title='bbox 680 2562 729 2619; x_wconf 89' lang='lat' dir='ltr'>est</span> <span class='ocrx_word' id='word_1_190' title='bbox 762 2556 909 2631; x_wconf 74' lang='lat' dir='ltr'>Lucretii,</span> <span class='ocrx_word' id='word_1_191' title='bbox 943 2561 978 2618; x_wconf 94' lang='lat' dir='ltr'>ut</span> <span class='ocrx_word' id='word_1_192' title='bbox 1011 2560 1153 2618; x_wconf 91' lang='lat' dir='ltr'>veterem</span> <span class='ocrx_word' id='word_1_193' title='bbox 1176 2554 1303 2618; x_wconf 89' lang='lat' dir='ltr'>dicendi</span> 
     </span>
     <span class='ocr_line' id='line_1_24' title="bbox 175 2656 1302 2738; baseline -0.003 -15"><span class='ocrx_word' id='word_1_194' title='bbox 175 2659 443 2724; x_wconf 87' lang='lat' dir='ltr'>consuetudinem</span> <span class='ocrx_word' id='word_1_195' title='bbox 478 2667 608 2723; x_wconf 86' lang='lat' dir='ltr'>secutus</span> <span class='ocrx_word' id='word_1_196' title='bbox 638 2678 757 2722; x_wconf 90' lang='lat' dir='ltr'>nomen</span> <span class='ocrx_word' id='word_1_197' title='bbox 781 2658 1028 2736; x_wconf 81' lang='lat' dir='ltr'>substantivum,</span> <span class='ocrx_word' id='word_1_198' title='bbox 1051 2656 1105 2720; x_wconf 92' lang='lat' dir='ltr'>ubi</span> <span class='ocrx_word' id='word_1_199' title='bbox 1128 2664 1161 2720; x_wconf 92' lang='lat' dir='ltr'>et</span> <span class='ocrx_word' id='word_1_200' title='bbox 1183 2657 1302 2738; x_wconf 89' lang='lat' dir='ltr'>prima-</span> 
     </span>
     <span class='ocr_line' id='line_1_25' title="bbox 174 2761 1303 2847; baseline -0.001 -21"><span class='ocrx_word' id='word_1_201' title='bbox 174 2763 222 2826; x_wconf 93' lang='lat' dir='ltr'>rio</span> <span class='ocrx_word' id='word_1_202' title='bbox 256 2763 423 2826; x_wconf 90' lang='lat' dir='ltr'>enuntiato</span> <span class='ocrx_word' id='word_1_203' title='bbox 458 2769 490 2826; x_wconf 91' lang='lat' dir='ltr'>et</span> <span class='ocrx_word' id='word_1_204' title='bbox 512 2762 703 2827; x_wconf 89' lang='lat' dir='ltr'>secundario</span> <span class='ocrx_word' id='word_1_205' title='bbox 731 2761 890 2847; x_wconf 85' lang='lat' dir='ltr'>(relativo)</span> <span class='ocrx_word' id='word_1_206' title='bbox 914 2779 1088 2826; x_wconf 91' lang='lat' dir='ltr'>commune</span> <span class='ocrx_word' id='word_1_207' title='bbox 1112 2768 1170 2840; x_wconf 86' lang='lat' dir='ltr'>est,</span> <span class='ocrx_word' id='word_1_208' title='bbox 1194 2761 1227 2824; x_wconf 93' lang='lat' dir='ltr'>in</span> <span class='ocrx_word' id='word_1_209' title='bbox 1250 2781 1303 2825; x_wconf 90' lang='lat' dir='ltr'>se-</span> 
     </span>
     <span class='ocr_line' id='line_1_26' title="bbox 174 2863 1303 2946; baseline -0.002 -16"><span class='ocrx_word' id='word_1_210' title='bbox 174 2865 329 2931; x_wconf 89' lang='lat' dir='ltr'>cundario</span> <span class='ocrx_word' id='word_1_211' title='bbox 354 2865 520 2928; x_wconf 89' lang='lat' dir='ltr'>enuntiato</span> <span class='ocrx_word' id='word_1_212' title='bbox 544 2872 653 2946; x_wconf 86' lang='lat' dir='ltr'>ponat,</span> <span class='ocrx_word' id='word_1_213' title='bbox 677 2866 710 2928; x_wconf 92' lang='lat' dir='ltr'>in</span> <span class='ocrx_word' id='word_1_214' title='bbox 732 2866 885 2946; x_wconf 90' lang='lat' dir='ltr'>primario</span> <span class='ocrx_word' id='word_1_215' title='bbox 907 2863 1303 2945; x_wconf 90' lang='lat' dir='ltr'>pronomendemonstra·</span> 
     </span>
     <span class='ocr_line' id='line_1_27' title="bbox 173 2967 1303 3050; baseline -0.003 -18"><span class='ocrx_word' id='word_1_216' title='bbox 173 2969 274 3032; x_wconf 91' lang='lat' dir='ltr'>tivum</span> <span class='ocrx_word' id='word_1_217' title='bbox 297 2976 430 3048; x_wconf 90' lang='lat' dir='ltr'>usurpet</span> <span class='ocrx_word' id='word_1_218' title='bbox 452 2975 508 3032; x_wconf 92' lang='lat' dir='ltr'>aut</span> <span class='ocrx_word' id='word_1_219' title='bbox 531 2987 571 3032; x_wconf 89' lang='lat' dir='ltr'>ne</span> <span class='ocrx_word' id='word_1_220' title='bbox 594 2969 785 3050; x_wconf 88' lang='lat' dir='ltr'>pronomine</span> <span class='ocrx_word' id='word_1_221' title='bbox 812 2968 940 3049; x_wconf 91' lang='lat' dir='ltr'>quidem</span> <span class='ocrx_word' id='word_1_222' title='bbox 965 2986 1084 3030; x_wconf 91' lang='lat' dir='ltr'>nomen</span> <span class='ocrx_word' id='word_1_223' title='bbox 1107 2967 1182 3029; x_wconf 94' lang='lat' dir='ltr'>illud</span> <span class='ocrx_word' id='word_1_224' title='bbox 1205 2968 1303 3047; x_wconf 85' lang='lat' dir='ltr'>signi-</span> 
     </span>
     <span class='ocr_line' id='line_1_28' title="bbox 174 3070 1301 3153; baseline -0.002 -18"><span class='ocrx_word' id='word_1_225' title='bbox 174 3071 255 3135; x_wconf 88' lang='lat' dir='ltr'>ficet.</span> <span class='ocrx_word' id='word_1_226' title='bbox 300 3070 388 3134; x_wconf 92' lang='lat' dir='ltr'>Haec</span> <span class='ocrx_word' id='word_1_227' title='bbox 411 3070 452 3134; x_wconf 91' lang='lat' dir='ltr'>ad</span> <span class='ocrx_word' id='word_1_228' title='bbox 475 3072 732 3153; x_wconf 88' lang='lat' dir='ltr'>antiquissimam</span> <span class='ocrx_word' id='word_1_229' title='bbox 757 3072 842 3135; x_wconf 91' lang='lat' dir='ltr'>illam</span> <span class='ocrx_word' id='word_1_230' title='bbox 866 3076 1072 3146; x_wconf 77' lang='lat' dir='ltr'>structuram,</span> <span class='ocrx_word' id='word_1_231' title='bbox 1095 3087 1160 3151; x_wconf 87' lang='lat' dir='ltr'>qua</span> <span class='ocrx_word' id='word_1_232' title='bbox 1183 3088 1301 3133; x_wconf 90' lang='lat' dir='ltr'>nomen</span> 
     </span>
     <span class='ocr_line' id='line_1_29' title="bbox 174 3173 1303 3256; baseline -0.003 -18"><span class='ocrx_word' id='word_1_233' title='bbox 174 3181 207 3238; x_wconf 88' lang='lat' dir='ltr'>et</span> <span class='ocrx_word' id='word_1_234' title='bbox 239 3174 272 3237; x_wconf 93' lang='lat' dir='ltr'>in</span> <span class='ocrx_word' id='word_1_235' title='bbox 306 3175 526 3238; x_wconf 88' lang='lat' dir='ltr'>enuntiatione</span> <span class='ocrx_word' id='word_1_236' title='bbox 549 3183 681 3256; x_wconf 85' lang='lat' dir='ltr'>regente</span> <span class='ocrx_word' id='word_1_237' title='bbox 710 3182 742 3238; x_wconf 92' lang='lat' dir='ltr'>et</span> <span class='ocrx_word' id='word_1_238' title='bbox 764 3176 796 3238; x_wconf 93' lang='lat' dir='ltr'>in</span> <span class='ocrx_word' id='word_1_239' title='bbox 818 3175 955 3238; x_wconf 86' lang='lat' dir='ltr'>relativa</span> <span class='ocrx_word' id='word_1_240' title='bbox 977 3173 1117 3255; x_wconf 87' lang='lat' dir='ltr'>positum</span> <span class='ocrx_word' id='word_1_241' title='bbox 1141 3179 1199 3252; x_wconf 82' lang='lat' dir='ltr'>est,</span> <span class='ocrx_word' id='word_1_242' title='bbox 1223 3173 1303 3236; x_wconf 87' lang='lat' dir='ltr'>alias</span> 
     </span>
     <span class='ocr_line' id='line_1_30' title="bbox 173 3275 1302 3360; baseline 0.001 -21"><span class='ocrx_word' id='word_1_243' title='bbox 173 3284 322 3357; x_wconf 86' lang='lat' dir='ltr'>spectare</span> <span class='ocrx_word' id='word_1_244' title='bbox 354 3284 442 3341; x_wconf 90' lang='lat' dir='ltr'>recte</span> <span class='ocrx_word' id='word_1_245' title='bbox 474 3278 592 3342; x_wconf 89' lang='lat' dir='ltr'>docent</span> <span class='ocrx_word' id='word_1_246' title='bbox 615 3278 760 3360; x_wconf 85' lang='lat' dir='ltr'>Draeger</span> <span class='ocrx_word' id='word_1_247' title='bbox 781 3278 806 3341; x_wconf 96' lang='lat' dir='ltr'>ll</span> <span class='ocrx_word' id='word_1_248' title='bbox 828 3298 858 3358; x_wconf 90' lang='lat' dir='ltr'>p.</span> <span class='ocrx_word' id='word_1_249' title='bbox 883 3278 942 3342; x_wconf 80' lang='lat'>501</span> <span class='ocrx_word' id='word_1_250' title='bbox 968 3296 1025 3357; x_wconf 88' lang='lat' dir='ltr'>sq,</span> <span class='ocrx_word' id='word_1_251' title='bbox 1049 3275 1249 3340; x_wconf 88' lang='lat' dir='ltr'>Schmalzius</span> <span class='ocrx_word' id='word_1_252' title='bbox 1273 3296 1302 3356; x_wconf 91' lang='lat' dir='ltr'>p.</span> 
     </span>
     <span class='ocr_line' id='line_1_31' title="bbox 173 3378 1302 3464; baseline 0 -22"><span class='ocrx_word' id='word_1_253' title='bbox 173 3380 238 3444; x_wconf 88' lang='grc'>494</span> <span class='ocrx_word' id='word_1_254' title='bbox 271 3399 316 3461; x_wconf 90' lang='lat' dir='ltr'>sq.</span> <span class='ocrx_word' id='word_1_255' title='bbox 351 3380 450 3464; x_wconf 79' lang='lat' dir='ltr'>alii³),</span> <span class='ocrx_word' id='word_1_256' title='bbox 485 3381 540 3462; x_wconf 92' lang='lat' dir='ltr'>qui</span> <span class='ocrx_word' id='word_1_257' title='bbox 574 3380 721 3461; x_wconf 85' lang='lat' dir='ltr'>exempla</span> <span class='ocrx_word' id='word_1_258' title='bbox 747 3381 884 3462; x_wconf 89' lang='lat' dir='ltr'>plurima</span> <span class='ocrx_word' id='word_1_259' title='bbox 907 3378 992 3461; x_wconf 93' lang='lat' dir='ltr'>apud</span> <span class='ocrx_word' id='word_1_260' title='bbox 1015 3379 1095 3442; x_wconf 89' lang='lat' dir='ltr'>alios</span> <span class='ocrx_word' id='word_1_261' title='bbox 1118 3378 1302 3458; x_wconf 86' lang='lat' dir='ltr'>scriptores,</span> 
     </span>
     <span class='ocr_line' id='line_1_32' title="bbox 176 3481 1302 3565; baseline -0.001 -18"><span class='ocrx_word' id='word_1_262' title='bbox 176 3483 262 3562; x_wconf 88' lang='lat' dir='ltr'>apud</span> <span class='ocrx_word' id='word_1_263' title='bbox 284 3484 467 3547; x_wconf 90' lang='lat' dir='ltr'>Lucretium</span> <span class='ocrx_word' id='word_1_264' title='bbox 491 3502 532 3548; x_wconf 92' lang='lat' dir='ltr'>ne</span> <span class='ocrx_word' id='word_1_265' title='bbox 555 3504 653 3548; x_wconf 92' lang='lat' dir='ltr'>unum</span> <span class='ocrx_word' id='word_1_266' title='bbox 678 3484 808 3565; x_wconf 91' lang='lat' dir='ltr'>quidem</span> <span class='ocrx_word' id='word_1_267' title='bbox 830 3485 1030 3547; x_wconf 85' lang='lat' dir='ltr'>invenerunt.</span> <span class='ocrx_word' id='word_1_268' title='bbox 1070 3481 1164 3562; x_wconf 85' lang='lat' dir='ltr'>Apud</span> <span class='ocrx_word' id='word_1_269' title='bbox 1185 3482 1302 3546; x_wconf 89' lang='lat' dir='ltr'>Lucre-</span> 
     </span>
     <span class='ocr_line' id='line_1_33' title="bbox 174 3584 1303 3668; baseline -0.001 -21"><span class='ocrx_word' id='word_1_270' title='bbox 174 3586 253 3649; x_wconf 87' lang='lat' dir='ltr'>tium</span> <span class='ocrx_word' id='word_1_271' title='bbox 281 3586 362 3650; x_wconf 87' lang='lat' dir='ltr'>haec</span> <span class='ocrx_word' id='word_1_272' title='bbox 392 3587 503 3667; x_wconf 86' lang='lat' dir='ltr'>collegi</span> <span class='ocrx_word' id='word_1_273' title='bbox 537 3587 693 3668; x_wconf 87' lang='lat' dir='ltr'>exempla,</span> <span class='ocrx_word' id='word_1_274' title='bbox 729 3605 813 3667; x_wconf 91' lang='lat' dir='ltr'>quae</span> <span class='ocrx_word' id='word_1_275' title='bbox 837 3586 1000 3650; x_wconf 86' lang='lat' dir='ltr'>mentione</span> <span class='ocrx_word' id='word_1_276' title='bbox 1024 3585 1120 3664; x_wconf 84' lang='lat' dir='ltr'>digna</span> <span class='ocrx_word' id='word_1_277' title='bbox 1142 3584 1303 3648; x_wconf 86' lang='lat' dir='ltr'>videntur:</span> 
     </span>
    </p>
   </div>
   <div class='ocr_carea' id='block_1_3' title="bbox 173 3805 1304 4216">
    <p class='ocr_par' dir='ltr' id='par_1_5' title="bbox 173 3805 1304 4045">
     <span class='ocr_line' id='line_1_34' title="bbox 277 3805 1304 3875; baseline -0.002 -15"><span class='ocrx_word' id='word_1_278' title='bbox 277 3809 298 3875; x_wconf 85' lang='lat'>²)</span> <span class='ocrx_word' id='word_1_279' title='bbox 327 3807 567 3861; x_wconf 85' lang='lat' dir='ltr'>Kraetschius</span> <span class='ocrx_word' id='word_1_280' title='bbox 594 3825 620 3875; x_wconf 91' lang='lat' dir='ltr'>p.</span> <span class='ocrx_word' id='word_1_281' title='bbox 647 3809 680 3859; x_wconf 85' lang='grc'>35</span> <span class='ocrx_word' id='word_1_282' title='bbox 708 3806 842 3874; x_wconf 83' lang='lat' dir='ltr'>quoddam</span> <span class='ocrx_word' id='word_1_283' title='bbox 870 3822 955 3874; x_wconf 83' lang='lat' dir='ltr'>genus</span> <span class='ocrx_word' id='word_1_284' title='bbox 983 3805 1175 3859; x_wconf 83' lang='lat' dir='ltr'>anacoluthiae</span> <span class='ocrx_word' id='word_1_285' title='bbox 1193 3807 1304 3858; x_wconf 84' lang='lat' dir='ltr'>subesse</span> 
     </span>
     <span class='ocr_line' id='line_1_35' title="bbox 173 3890 1304 3961; baseline -0.002 -16"><span class='ocrx_word' id='word_1_286' title='bbox 173 3898 250 3945; x_wconf 86' lang='lat' dir='ltr'>ratus</span> <span class='ocrx_word' id='word_1_287' title='bbox 278 3892 399 3944; x_wconf 86' lang='lat' dir='ltr'>codicum</span> <span class='ocrx_word' id='word_1_288' title='bbox 428 3894 589 3961; x_wconf 80' lang='lat' dir='ltr'>scripturam</span> <span class='ocrx_word' id='word_1_289' title='bbox 618 3909 726 3961; x_wconf 89' lang='lat' dir='ltr'>prorsus</span> <span class='ocrx_word' id='word_1_290' title='bbox 752 3896 923 3946; x_wconf 88' lang='lat' dir='ltr'>immutatam</span> <span class='ocrx_word' id='word_1_291' title='bbox 949 3893 1060 3944; x_wconf 89' lang='lat' dir='ltr'>retineri</span> <span class='ocrx_word' id='word_1_292' title='bbox 1080 3890 1145 3958; x_wconf 88' lang='lat' dir='ltr'>vult,</span> <span class='ocrx_word' id='word_1_293' title='bbox 1165 3891 1236 3958; x_wconf 91' lang='lat' dir='ltr'>quod</span> <span class='ocrx_word' id='word_1_294' title='bbox 1259 3893 1304 3943; x_wconf 83' lang='lat' dir='ltr'>vix</span> 
     </span>
     <span class='ocr_line' id='line_1_36' title="bbox 174 3978 399 4045; baseline -0.009 -14"><span class='ocrx_word' id='word_1_295' title='bbox 174 3978 283 4045; x_wconf 84' lang='lat' dir='ltr'>probari</span> <span class='ocrx_word' id='word_1_296' title='bbox 302 3983 399 4045; x_wconf 86' lang='lat' dir='ltr'>potest.</span> 
     </span>
    </p>

    <p class='ocr_par' dir='ltr' id='par_1_6' title="bbox 276 4062 1006 4130">
     <span class='ocr_line' id='line_1_37' title="bbox 276 4062 1006 4130; baseline -0.001 -14"><span class='ocrx_word' id='word_1_297' title='bbox 276 4065 298 4130; x_wconf 83' lang='lat'>²)</span> <span class='ocrx_word' id='word_1_298' title='bbox 317 4064 432 4116; x_wconf 84' lang='lat' dir='ltr'>Versum</span> <span class='ocrx_word' id='word_1_299' title='bbox 451 4079 500 4130; x_wconf 91' lang='lat' dir='ltr'>pro</span> <span class='ocrx_word' id='word_1_300' title='bbox 519 4064 612 4130; x_wconf 88' lang='lat' dir='ltr'>spurio</span> <span class='ocrx_word' id='word_1_301' title='bbox 630 4063 733 4117; x_wconf 88' lang='lat' dir='ltr'>habent</span> <span class='ocrx_word' id='word_1_302' title='bbox 751 4063 861 4130; x_wconf 87' lang='lat' dir='ltr'>plurimi</span> <span class='ocrx_word' id='word_1_303' title='bbox 879 4062 1006 4117; x_wconf 88' lang='lat' dir='ltr'>editores.</span> 
     </span>
    </p>

    <p class='ocr_par' dir='ltr' id='par_1_7' title="bbox 278 4149 767 4216">
     <span class='ocr_line' id='line_1_38' title="bbox 278 4149 767 4216; baseline 0 -14"><span class='ocrx_word' id='word_1_304' title='bbox 278 4152 298 4214; x_wconf 81' lang='lat'>³)</span> <span class='ocrx_word' id='word_1_305' title='bbox 317 4149 363 4202; x_wconf 80' lang='lat' dir='ltr'>cfr</span> <span class='ocrx_word' id='word_1_306' title='bbox 381 4149 522 4202; x_wconf 84' lang='lat' dir='ltr'>Ziemer</span> <span class='ocrx_word' id='word_1_307' title='bbox 540 4149 594 4202; x_wconf 74' lang='lat' dir='ltr'>Str,</span> <span class='ocrx_word' id='word_1_308' title='bbox 612 4165 637 4216; x_wconf 89' lang='lat' dir='ltr'>p.</span> <span class='ocrx_word' id='word_1_309' title='bbox 657 4150 688 4200; x_wconf 78' lang='lat'>71</span> <span class='ocrx_word' id='word_1_310' title='bbox 709 4165 767 4216; x_wconf 91' lang='lat' dir='ltr'>sqq.</span> 
     </span>
    </p>
   </div>
   <div class='ocr_carea' id='block_1_4' title="bbox 0 0 1487 4890">
    <p class='ocr_par' dir='ltr' id='par_1_8' title="bbox 0 0 1487 4890">
     <span class='ocr_line' id='line_1_39' title="bbox 0 0 1487 4890; baseline 0 0"><span class='ocrx_word' id='word_1_311' title='bbox 0 0 1487 4890; x_wconf 95' lang='lat' dir='ltr'> </span> 
     </span>
    </p>
   </div>
  </div>
 </body>
</html>
