2964 4890
1217 235 1255 296 91

170 419 233 498 cio,
268 420 355 499 quod
381 420 413 482 in
437 420 551 498 linguis
573 419 747 483 romanicis
769 419 959 499 plerumque
981 419 1018 482 in
1039 419 1128 483 verbi
1151 419 1301 485 substan-

172 521 230 585 tivi
254 522 360 585 locum
385 529 625 586 concesserunt.

379 712 399 791 β
422 705 466 774 15.
509 710 644 775 Dativus
666 708 819 775 commodi
842 710 874 773 et
896 708 1096 774 incommodi.

218 847 242 897 1.
279 846 322 898 De
342 846 460 914 oriqine
479 848 573 914 atque
591 848 705 899 notura
723 845 820 898 dativi
839 845 991 898 commodi
1009 848 1042 898 et
1058 845 1252 898 incommodi.

275 966 342 1029 lam
354 973 450 1030 antea
462 967 599 1030 diximus
612 968 753 1031 dativum
770 968 953 1047 linguarum
965 966 1300 1047 indogermanioarum

173 1068 270 1132 locali
303 1068 535 1149 significatione
568 1070 723 1150 paulatim
754 1070 924 1132 imminuta
947 1070 989 1133 ad
1010 1070 1182 1134 relationes
1205 1088 1302 1133 sensu

173 1171 279 1251 magis
313 1170 494 1236 abstractas
528 1172 716 1236 indicandas
744 1174 894 1253 usurpari
917 1174 1029 1236 solere.
1074 1171 1180 1251 Quare
1203 1173 1302 1236 latino

172 1293 305 1355 quoque
338 1275 446 1338 dativo
481 1274 570 1339 verbi
597 1276 759 1339 actionem
783 1276 825 1339 ad
848 1294 1020 1356 personam
1043 1277 1094 1340 vel
1116 1295 1184 1339 rem
1207 1276 1302 1356 perti-

175 1395 255 1441 nere
278 1377 328 1440 vel
351 1384 498 1458 spectare
521 1378 629 1440 multis
651 1378 730 1441 locis
753 1377 958 1458 significatur.
991 1379 1103 1458 Neque
1126 1379 1241 1441 mirum
1255 1384 1304 1442 est

172 1481 280 1562 poetis
316 1481 498 1544 huiusmodi
531 1481 656 1544 dativos
683 1482 823 1544 maxime
845 1482 1015 1562 placuisse,
1040 1501 1113 1544 cum
1137 1481 1179 1544 ad
1201 1488 1303 1544 struo-

171 1591 320 1648 turarum
354 1585 545 1648 varietatem
578 1603 645 1647 non
677 1585 784 1647 minus
811 1602 908 1664 quam
932 1584 973 1647 ad
996 1584 1143 1647 dictionis
1165 1582 1301 1647 brevita-

173 1693 243 1750 tem
266 1688 403 1750 valeant.
436 1686 556 1750 Verum
580 1687 629 1749 his
651 1686 776 1765 dativis,
801 1687 859 1749 etsi
882 1685 980 1749 libere
1002 1693 1175 1766 ponuntur,
1193 1686 1303 1750 localis

176 1790 304 1853 indoles
326 1790 412 1853 nullo
435 1790 533 1854 modo
556 1796 605 1854 est
628 1789 853 1853 abiudicanda.
888 1790 971 1853 Nam
995 1790 1121 1853 dativus
1135 1790 1215 1853 alias
1231 1794 1302 1870 per'-

173 1911 292 1956 sonam
325 1893 377 1956 vel
409 1910 478 1955 rem
512 1891 670 1972 significat
691 1893 724 1954 in
746 1911 843 1972 quam
866 1891 1005 1955 verbalis
1028 1893 1112 1955 actio
1136 1910 1230 1955 versa
1253 1893 1302 1972 sit,

172 1996 255 2060 alias
290 1994 344 2058 ubi
379 1996 454 2076 quid
487 1996 528 2058 sit
560 1996 685 2059 videtur
719 1997 906 2076 exprimere.
951 1995 1057 2075 Atque
1090 1995 1183 2057 huius
1206 1995 1302 2058 dativi

172 2118 253 2162 usus
276 2117 350 2161 cum
374 2099 573 2180 aliquantum
596 2100 708 2172 variet,
725 2099 860 2162 aliorum
874 2106 1004 2161 secutus
1016 2098 1198 2178 exemplum
1211 2098 1304 2178 quin-

174 2219 238 2282 que
262 2200 344 2264 infra
366 2219 485 2280 genera
508 2202 686 2282 disponam.

422 2355 450 2406 2.
487 2355 615 2408 Dativus
635 2354 788 2407 commodi
807 2356 839 2407 et
857 2353 1052 2407 incommodi.

280 2475 374 2538 Haud
396 2493 471 2538 raro
493 2475 526 2537 in
549 2493 700 2538 sermone
723 2476 821 2538 latino
845 2476 1025 2553 usuvenit,
1049 2483 1085 2538 ut
1106 2475 1214 2538 dativo
1230 2493 1303 2555 per-

172 2596 259 2642 sona
293 2577 356 2660 (vel
388 2578 453 2661 res)
486 2577 653 2648 indicetur,
688 2578 779 2641 cuius
805 2578 882 2658 quid
905 2578 1077 2641 commodo
1101 2585 1157 2641 aut
1178 2578 1303 2640 incom-

175 2681 277 2745 modo
300 2679 367 2744 fieri
390 2681 506 2744 dicitur
529 2681 693 2762 (dativus
716 2681 904 2744 commodi
926 2687 983 2744 aut
1005 2680 1234 2744 incommodi
1250 2680 1303 2759 qui

173 2785 305 2867 proprie
338 2783 494 2868 vocatur).
537 2784 650 2866 Neque
683 2791 793 2848 tamen
828 2784 992 2848 commodi
1025 2790 1081 2846 aut
1107 2783 1304 2847 incommodi

175 2889 268 2952 notio
297 2888 368 2968 ipso
391 2888 498 2951 dativo
521 2889 685 2968 premitur,
709 2907 821 2951 verum
846 2907 864 2952 e
886 2887 1059 2952 verborum
1083 2905 1232 2951 connexu
1254 2888 1304 2950 vel

176 3011 218 3056 ex
252 2997 322 3054 tota
349 2991 510 3055 sententia
533 2993 748 3071 cognoscitur.
791 2992 830 3054 Et
852 2991 958 3055 verbis
982 2997 1105 3054 motum
1127 2991 1158 3052 in
1182 2988 1305 3070 aliquid

177 3113 310 3158 versum
342 3093 557 3158 indicantibus
590 3095 718 3175 proprie
752 3096 879 3158 additur
913 3096 964 3158 hic
988 3095 1113 3158 dativus
1137 3099 1169 3157 et
1191 3111 1303 3173 perso-

176 3217 255 3262 nam
277 3198 405 3277 saepius
428 3215 526 3278 quam
548 3216 617 3260 rem
641 3199 797 3278 exprimit.
832 3199 926 3279 Apud
949 3199 1131 3262 Lucretium
1154 3197 1203 3260 his
1225 3197 1304 3261 locis

176 3302 323 3366 dativum
346 3301 510 3364 commodi
532 3307 588 3364 aut
610 3302 809 3365 incommodi
831 3304 967 3383 repperi.

281 3403 317 3467 A.
361 3403 484 3467 Verba
506 3405 763 3468 intransitiva:

283 3525 311 3570 a.
345 3505 461 3586 quibus
494 3512 602 3570 motus
624 3508 656 3570 in
680 3526 852 3588 personam
877 3508 926 3571 vel
949 3525 1017 3571 rem
1042 3508 1149 3571 dativo
1173 3524 1303 3587 expres-

178 3631 249 3676 sam
273 3628 450 3673 conversus
473 3609 677 3689 significatur.

282 3715 359 3776 fieri.
393 3711 457 3775 *Vl
484 3713 546 3777 759
569 3712 758 3776 itionibus
780 3717 820 3775 ut
840 3712 868 3775 si
891 3711 1231 3791 detrimentumque
1254 3731 1303 3773 vc-

178 3821 276 3898 pcnte
309 3816 436 3896 scripsit
468 3814 705 3891 Lachmannus
736 3834 832 3897 quem
855 3817 999 3896 sequitur
1020 3815 1221 3895 Bernaysius,
1247 3813 1304 3877 sed

179 3921 299 3985 rectius
333 3919 482 3983 codicum
515 3919 707 4000 scripturam
740 3919 769 3982 si
802 3919 872 3983 sivit
897 3904 981 3982 clivis
1004 3921 1147 3981 ntuetutu
1169 3920 1304 3996 repento

180 4027 373 4104 receperunt
404 4021 518 4085 Munro
552 4030 583 4085 et
616 4022 755 4103 Brieger,
789 4023 876 4103 quod
905 4022 984 4085 leuce
1008 4019 1170 4084 (intinctio
1193 4018 1303 4082 subin-

180 4115 394 4207 tellegendum
417 4125 467 4204 sit,
491 4144 565 4188 cum
588 4127 801 4206 praecesserit
822 4125 1054 4205 qttcidripcdm.
