2964 4890
214 211 258 274 50

172 399 241 462 sive
265 397 341 479 quid
363 397 464 461 simile
488 416 552 478 quo
576 398 647 479 quis
669 398 812 462 induitur
830 399 879 462 vel
891 399 1017 461 exuitur
1028 398 1193 481 significet.
1227 399 1313 464 Tum

173 501 361 565 accusativo
383 500 544 582 pendente
567 518 586 564 e
608 500 714 564 verbis
732 519 815 582 quae
831 501 994 565 actionem
1011 502 1195 583 exprimunt
1210 521 1310 584 quam

175 604 247 685 quis
268 604 302 667 in
325 622 359 667 se
382 603 611 685 perficiendam
634 610 726 667 curat
749 604 799 667 vel
824 602 933 684 perfici
956 604 1032 667 sinit
1055 606 1201 687 eorporis
1232 623 1311 686 pars

175 726 259 789 quae
293 709 422 771 actione
456 706 596 786 tangitur
629 707 798 770 indicatur.
843 705 892 768 Ab
917 706 979 770 hae
1002 713 1167 770 structura
1190 707 1310 772 Lucre-

173 812 255 874 tium
288 809 354 874 iere
386 810 519 873 omnino
553 808 748 873 abstinuisse
772 809 846 873 inde
870 815 1015 889 apparet,
1039 809 1127 890 quod
1148 810 1212 875 duo
1236 818 1309 874 tan-

174 920 244 977 tum
267 912 414 992 exempla
437 911 642 992 deprehendi,
667 930 751 994 quae
775 911 857 975 inira
880 911 1072 975 adscribam.

277 1020 455 1095 percellere.
489 1013 500 1076 Ι
538 1016 575 1078 13
597 1014 718 1077 ,iterna
738 1013 888 1094 priuatim
914 1014 1059 1077 uolucres
1083 1018 1122 1095 te,
1146 1014 1235 1093 diuo,
1260 1019 1308 1077 tu-

178 1139 297 1196 umque
332 1115 535 1199 Significant
567 1115 688 1179 irritum
718 1117 894 1196 perculere
929 1116 1046 1180 cordo
1082 1121 1138 1180 iun
1175 1117 1305 1183 115261

177 1219 255 1282 irinc
288 1239 376 1283 trove
406 1218 516 1299 proles
538 1252 545 1266 ·
564 1254 570 1266 ·
590 1253 596 1266 ·
618 1218 727 1282 Ludit
759 1220 842 1282 Iurtr
875 1240 962 1283 tracto
986 1223 1133 1283 trientes
1152 1221 1308 1301 perculsu

180 1321 366 1386 taurellus.

279 1424 373 1503 Quod
400 1424 482 1487 haec
505 1431 710 1488 structurae
733 1425 881 1488 Lucretio
906 1443 972 1488 non
995 1426 1074 1489 alias
1098 1442 1197 1506 quam
1218 1426 1308 1489 initio

175 1527 273 1608 primi
305 1525 374 1589 libri
407 1533 564 1608 usurpata
598 1532 657 1606 est,
685 1527 717 1589 id
739 1529 784 1590 ita
806 1545 866 1590 nos
890 1526 1032 1603 offendit,
1056 1533 1092 1591 ut
1115 1546 1181 1591 non
1204 1529 1307 1591 anim·

175 1631 345 1693 advertere
374 1647 440 1693 non
462 1631 633 1709 possimus.
677 1629 724 1692 Eo
748 1636 856 1693 autem
881 1631 954 1694 loco
978 1631 1032 1711 qui
1053 1637 1170 1711 postea
1192 1649 1307 1695 occur·

174 1733 215 1796 rit
248 1732 277 1796 V
312 1733 394 1796 1222
427 1730 504 1796 Nou
535 1731 652 1812 popuii
685 1734 865 1814 parataeque
894 1735 1050 1807 tremunt,
1072 1753 1231 1813 cepasque
1253 1754 1306 1795 su-

171 1833 272 1915 perbi
295 1833 491 1914 Corripiurtt
512 1834 623 1896 ‹Ir'vrnn
643 1833 797 1914 percusse?
812 1834 958 1897 tatemere
975 1834 1110 1898 diriore?
1125 1835 1167 1899 ab
1182 1835 1307 1900 Holtzio

174 1938 240 2001 Lin.
268 1956 297 2019 p.
328 1940 380 2011 30,
413 1956 510 2018 quem
533 1937 678 2017 sequitur
701 1936 866 2001 Schaesser
887 1957 916 2018 p.
939 1939 976 2000 21
1004 1957 1060 2019 sq.,
1084 1940 1306 2003 accusativum

173 2040 318 2104 naerrcinvv
353 2041 395 2105 ad
427 2040 630 2122 participium
662 2038 817 2119 premissi
849 2041 986 2104 relatum
1015 2059 1176 2105 essenon
1199 2043 1305 2115 miror,

174 2163 249 2207 cum
278 2143 366 2207 haud
388 2144 501 2223 paucis
527 2143 605 2205 locis
628 2150 663 2205 ut
684 2143 726 2206 IV
752 2144 820 2221 139,
845 2142 884 2206 Vi
913 2148 992 2208 11911
1015 2143 1115 2207 verba
1136 2145 1227 2209 iuxta
1249 2164 1306 2226 po-

174 2249 236 2310 sita
259 2247 420 2310 sententia
442 2264 575 2326 prorsus
597 2246 718 2309 violata
741 2246 952 2309 coniunxerit.
996 2246 1051 2310 lllo
1075 2246 1147 2310 loco
1171 2265 1306 2311 accusa·

174 2351 260 2413 tivus
293 2367 352 2430 pro
386 2348 517 2412 obiecto
543 2348 632 2412 verbi
655 2349 734 2412 finiti
759 2356 808 2412 est
834 2350 1006 2430 putandus,
1030 2350 1184 2431 quoniam
1208 2351 1306 2414 corri-

174 2452 281 2532 piendi
315 2450 450 2515 verbum
474 2471 540 2515 non
563 2453 664 2515 semel
687 2451 728 2515 ab
752 2460 850 2532 poeta
865 2453 990 2516 'eodem
1013 2453 1111 2516 modo
1134 2460 1311 2535 usurpatur·

173 2575 200 2619 e.
237 2574 283 2635 gr.
318 2554 358 2617 Vl
385 2555 461 2618 1161
490 2553 736 2637 o'iveprdtusque
758 2556 919 2634 frequens
941 2590 948 2603 ·
967 2590 999 2603 ··
1024 2555 1197 2635 Corripere
1221 2555 1305 2619 udai-

174 2658 239 2719 rtur.
274 2676 393 2720 recreas
427 2659 459 2719 et
483 2655 629 2719 trtcrrtbrd
654 2660 808 2721 certaturis
831 2656 1047 2721 Dissoluedat
1076 2678 1128 2721 eos
1151 2693 1157 2705 ·
1177 2694 1183 2707 ·
1202 2693 1209 2707 ·
1230 2657 1306 2738 ferti-

171 2779 260 2840 puua
295 2766 326 2822 et
359 2758 455 2839 paulo
490 2765 566 2823 ante
599 2759 733 2823 V1219
757 2760 839 2824 hacc
865 2760 1048 2824 invenimus
1071 2759 1125 2823 reri
1147 2780 1218 2825 uon
1241 2782 1305 2824 ror-

174 2864 299 2941 rcpuut
319 2860 465 2924 necarere
483 2861 631 2940 profore?

466 3048 493 3100 3.
529 3047 734 3101 Accusativus
753 3048 868 3102 obiecti
886 3048 1010 3102 interni.

277 3168 368 3246 Quae
401 3169 471 3249 ipso
505 3169 537 3231 in
559 3168 660 3233 verbo
683 3170 761 3232 latet
784 3169 1006 3234 substantialis
1030 3171 1190 3251 quaedam
1215 3172 1302 3235 indo·

172 3271 229 3347 lea,
254 3271 279 3333 si
304 3272 375 3351 quis
399 3289 470 3334 eam
495 3273 669 3352 separatim
694 3273 874 3352 exprimere
896 3274 973 3352 vuit,
999 3275 1208 3361 accusativus
1231 3273 1305 3337 sub·

173 3373 305 3436 stantivi
339 3374 482 3437 eiusdem
511 3374 641 3453 originis
664 3372 765 3437 verbo
790 3374 982 3455 adiungitur.
1029 3374 1118 3439 Haec
1141 3376 1304 3456 igiturest

172 3481 291 3539 natura
323 3475 441 3540 obiecti
475 3476 590 3539 interni
625 3476 713 3557 quod
739 3483 886 3555 vocatur,
910 3485 945 3541 ut
970 3476 1107 3541 verbum
1130 3485 1162 3542 et
1186 3496 1304 3543 nomen

172 3579 321 3642 eiusdem
344 3580 451 3659 stirpis
474 3585 723 3660 componantur,
748 3598 812 3660 quo
835 3581 925 3644 notio
949 3579 1038 3644 verbi
1061 3581 1164 3661 magis
1187 3598 1304 3662 augea·

172 3687 225 3743 tur
259 3687 292 3744 et
326 3681 565 3745 determinetur.
610 3680 717 3759 Quare
751 3700 824 3745 cum
854 3681 1103 3746 substitueretur
1125 3702 1185 3764 pro
1210 3700 1304 3747 voea-

172 3781 251 3846 bulo
287 3783 461 3863 congeneri
484 3803 699 3866 synonymum
723 3785 773 3848 vel
797 3792 957 3866 cognatae
981 3785 1224 3865 significationis
1246 3803 1303 3848 no·

173 3906 248 3951 men
273 3889 388 3967 evenit,
413 3894 445 3950 ut
469 3886 579 3963 verba,
604 3906 688 3968 quae
712 3888 867 3968 principio
891 3890 1093 3952 intransitiva
1116 3895 1227 3952 essent
1248 3906 1304 3951 na·

172 3997 254 4069 tura,
279 3989 366 4053 haud
388 4008 463 4054 raro
487 3997 619 4071 propter
641 3990 805 4054 obiectum
828 3992 990 4055 internum
1008 3991 1211 4055 transitivum
1226 4009 1304 4073 pau·

171 4093 260 4156 latim
294 4093 464 4156 induerent
495 4100 655 4156 naturam.
701 4094 813 4175 Neque
837 4095 890 4176 qui
917 4095 1093 4158 accusativi
1118 4093 1237 4160 obiecti
1257 4095 1304 4157 in·
