2964 4890
1222 232 1262 294 35

168 432 244 493 pos,
277 412 333 477 ubi
368 413 590 478 transmittere
622 417 708 481 idem
742 415 809 481 fere
832 417 916 481 valet
939 423 1036 498 atque
1061 417 1303 484 transrot'turr.

174 513 311 597 Semper
332 518 553 581 accusativum
577 520 745 600 requirunt
767 518 894 583 mittere
917 520 1043 601 aliaque
1067 522 1256 602 composita.
1375 503 1380 511 ’

278 637 410 696 movere,
445 621 532 701 quod
564 622 759 702 saepissime,
786 623 1008 686 accusativum
1042 623 1212 703 adsciscit
1238 644 1303 689 uno

147 803 148 807 Ἰ
173 720 247 784 loco
271 719 419 786 absolute
440 723 580 803 positum
604 725 757 788 occurrit:
790 724 828 788 Vl
849 727 913 789 5913
937 724 1090 788 donnum
1111 725 1231 790 inritos
1254 748 1302 791 co-

171 842 256 904 peas
280 827 415 888 tremere
438 829 537 904 utque
559 846 695 890 movere.

278 927 465 991 tremorem
487 928 723 993 intransitivum
748 948 813 993 non
837 936 885 993 est
907 929 945 992 ΙΙΙ
967 933 1009 994 69
1036 930 1133 995 Unde
1156 930 1304 997 homines

173 1026 255 1089 dmm
288 1048 323 1092 se
345 1062 352 1076 ·
371 1062 403 1076 ··
426 1028 598 1112 Effopr‘sse
631 1031 749 1095 rotant
781 1032 887 1114 tempe,
922 1032 1082 1115 lunaeque
1115 1038 1303 1114 remoase1)‚

174 1131 251 1210 quia
285 1130 346 1194 hoc
382 1131 454 1196 loco
488 1140 544 1196 aut
579 1153 617 1195 err
640 1153 713 1198 cum
737 1133 895 1198 Munrone
918 1152 958 1198 ex
980 1135 1071 1198 onte
1094 1154 1153 1216 pro
1176 1134 1304 1201 obiecto

173 1235 389 1314 supplendum
423 1242 473 1299 est
495 1243 552 1299 aut
573 1239 680 1317 potius
703 1258 737 1300 se
760 1256 800 1301 ex
822 1236 1088 1302 antecedentibus
1111 1239 1304 1319 addendum,

172 1344 209 1400 ut
232 1338 300 1400 vult
322 1336 574 1416 Bockemueller‚
599 1340 651 1403 cui
673 1341 821 1403 assentiri
844 1340 969 1403 videtur
990 1340 1199 1405 Kraetschius
1212 1362 1241 1423 p.
1257 1345 1304 1422 12,

175 1438 231 1504 ubi
253 1458 353 1503 unam
376 1441 578 1523 eandemque
599 1460 715 1506 vocem
738 1441 844 1506 verbis
867 1444 1054 1525 synonymis
1077 1442 1126 1506 his
1149 1443 1304 1508 chiastico

175 1542 289 1606 ordine
312 1545 430 1624 apponi
453 1545 562 1608 multis
584 1546 738 1626 exemplis
761 1546 909 1609 ostendit.

153 1708 156 1714 ,
279 1653 398 1709 mutare
412 1647 579 1711 transitive
591 1648 781 1730 saepissime
793 1655 975 1730 usurpatur,
990 1649 1195 1713 intransitive
1208 1668 1306 1714 sensu

153 1751 156 1755 ’
174 1748 359 1828 praeditum
389 1757 450 1813 est:
473 1750 486 1812 l
509 1752 569 1814 78?
594 1749 728 1829 sociant
745 1785 751 1799 ·
771 1785 777 1798 ·
797 1786 802 1797 ·
822 1749 889 1814 Nec
911 1771 1038 1813 cessure
1061 1749 1139 1813 daec
1161 1750 1250 1815 inter·
1271 1773 1305 1815 se

174 1854 324 1929 martura
346 1850 374 1913 V
396 1852 459 1917 588
483 1852 554 1916 vide
577 1860 692 1934 postea
715 1853 775 1917 sub
800 1872 868 1916 acc.
892 1851 955 1916 obi.
977 1853 1032 1916 int.

279 1957 442 2017 immutare
475 1954 562 2035 apud
596 1956 777 2019 Lucretium
807 1974 873 2019 non
895 1956 1000 2018 solum
1023 1955 1189 2019 transitive
1212 1956 1305 2036 poni·

174 2063 227 2120 tur
262 2057 348 2120 velut
374 2056 402 2120 V
426 2059 510 2122 1415
533 2057 766 2137 Posteriorqae
787 2059 857 2136 fere
879 2057 994 2121 metior
1016 2078 1068 2120 res
1090 2057 1150 2120 rua
1175 2062 1306 2138 repertu

176 2158 294 2222 Perdit
316 2164 347 2222 et
367 2159 523 2223 immutat
544 2180 683 2223 semema
706 2161 751 2223 ud
770 2159 919 2241 pristinu
943 2179 1104 2240 quareque,
1127 2161 1184 2225 sed
1208 2162 1303 2226 etiam

173 2261 393 2325 intransitive:
424 2262 465 2326 Vl
497 2266 578 2327 1122
606 2262 673 2326 Ut·
693 2297 699 2310 ·
718 2297 724 2309 ·
746 2283 841 2327 omne
860 2298 867 2310 ·
886 2297 892 2310 ·
911 2299 916 2309 ·
938 2262 1114 2326 conturbat
1137 2267 1168 2326 et
1187 2262 1305 2326 imma-

175 2368 247 2427 ture
271 2368 404 2429 eructat.

278 2486 434 2548 reparare,
457 2468 545 2549 quod
566 2469 735 2532 transitivo
759 2487 857 2534 sensu
875 2487 974 2550 saepe
990 2476 1174 2549 usurpatur,
1195 2470 1306 2534 nescio

174 2588 217 2634 an
240 2571 441 2634 intransitive
464 2571 584 2635 dictum
608 2571 647 2634 sit
670 2570 710 2634 lll
732 2574 795 2635 966
821 2576 852 2634 et
874 2592 914 2633 ea
937 2570 1012 2633 attis
1037 2571 1131 2633 ettad
1146 2591 1306 2651 reparare

173 2676 353 2752 necessest·
376 2692 471 2755 quem
495 2673 602 2737 locum
625 2674 671 2737 sic
694 2674 789 2737 vertit
810 2673 938 2737 Munro:
964 2673 1028 2737 and
1040 2692 1103 2737 one
1115 2674 1205 2754 thing
1222 2682 1307 2736 must

174 2794 252 2840 ever
285 2774 326 2840 be
359 2776 561 2857 replenished
595 2783 652 2840 out
679 2775 715 2840 oi
739 2776 832 2840 other
854 2776 971 2855 things
994 2794 1101 2857 neque
1124 2778 1225 2840 multo
1248 2777 1304 2840 ali-

173 2885 224 2943 ter
247 2878 299 2942 alii
322 2880 523 2960 interpretati
546 2885 629 2944 sunt.
663 2877 785 2944 Contra
808 2879 843 2942 H.
856 2877 1097 2959 Sauppiuslnd.
1110 2879 1182 2943 lect.
1195 2879 1305 2943 aestiv.

174 2980 281 3046 Goett.
312 3000 341 3046 a.
379 2985 459 3047 1686
493 3001 523 3062 p.
555 2985 605 3062 20,
630 2982 784 3063 quoniam
806 3000 966 3061 reparare
989 2981 1190 3045 intransitive
1213 2981 1305 3046 intel-

174 3084 235 3165 legi
270 3102 367 3164 posse
401 3093 508 3165 negat,
536 3085 728 3164 reparante·
759 3087 935 3163 aequumst
955 3082 1053 3148 scribi
1076 3083 1153 3164 vult,
1176 3084 1307 3165 Brieger

174 3185 319 3267 Sauppio
354 3187 545 3250 adversatus
567 3188 650 3250 Anu.
676 3187 766 3250 Burs.
789 3194 809 3250 t.
832 3188 875 3250 63
897 3205 925 3266 p.
949 3188 1009 3250 227
1034 3186 1223 3250 infinitivum
1247 3205 1306 3267 pro

174 3288 322 3353 subiecto
356 3291 511 3354 enuntiati
545 3297 645 3371 putat.
691 3289 754 3354 Sed
782 3290 857 3370 quia
884 3288 993 3368 verbo,
1018 3288 1073 3353 ubi
1095 3289 1137 3353 ad
1160 3297 1306 3353 mutuam

174 3393 337 3456 actionem
361 3393 566 3456 indicandam
594 3393 722 3457 additur
745 3392 833 3456 inter
854 3412 898 3472 se,
921 3393 1124 3456 intransitiva
1146 3392 1306 3473 significa-

175 3497 219 3560 tio
253 3494 336 3559 solet
369 3497 504 3574 admitti,
540 3496 615 3559 nihil
642 3503 692 3559 est
714 3514 844 3574 causae,
869 3513 927 3558 cur
949 3494 1084 3559 verbum
1107 3496 1306 3559 intransitive

174 3599 252 3680 poni
275 3616 430 3678 negemus
454 3599 516 3662 hoc
544 3600 627 3677 loco,
651 3598 705 3662 ubi
729 3598 887 3662 eiusmodi
908 3597 1021 3662 relatio
1044 3599 1207 3677 geminato
1231 3617 1306 3678 pro·

175 3701 329 3765 nominali
352 3702 541 3783 exprimitur
552 3703 587 3784 2).
631 3702 712 3766 Nam
738 3703 819 3765 haec
842 3699 955 3763 verba:
979 3721 1020 3764 ea
1042 3699 1118 3762 utris
1142 3701 1236 3763 uttrnt
1256 3721 1305 3763 re-

279 3942 301 4007 1)
318 3953 416 3992 recessa
433 3940 524 3991 nescio
543 3955 594 4006 qua
614 3954 697 3991 causa
710 3940 844 3992 'Ziemcr
861 3938 915 3991 Str.
933 3954 958 4005 p.
979 3938 1011 3989 78
1029 3937 1075 3991 tin.

278 4043 301 4107 ²)
328 4040 376 4093 Cir
403 4043 526 4108 inprimis
553 4040 606 4093 Ph.
633 4041 871 4093 Thielmannus
901 4041 954 4092 Der
982 4039 1080 4091 Ersatn
1103 4038 1150 4092 des
1179 4039 1305 4107 Recipro-

175 4142 250 4178 cums
269 4127 305 4178 im
325 4125 523 4180 Lateinischen.
552 4126 634 4178 Arch.
654 4127 668 4176 7
688 4142 732 4192 pp.
751 4125 895 4176 343-388.
