2964 4890
176 856 334 982 Carmen
363 906 394 964 T.
417 904 571 963 Lucretii
596 901 687 975 Cari,
713 902 793 979 quod
816 904 856 962 de
881 923 995 963 rerum
1018 914 1145 967 natura
1167 907 1304 966 inscribi-

170 1020 227 1085 tur,
259 1029 326 1069 cum
351 1010 410 1067 iam
434 1007 546 1084 aliquot
568 1012 635 1064 ante
659 1006 745 1063 annis
769 1005 932 1065 admodum
956 1007 1109 1085 diligenter
1132 1011 1303 1069 examinare

171 1115 348 1191 coepissem,
384 1116 528 1189 quantum
562 1127 622 1167 non
657 1108 755 1166 solum
789 1109 930 1186 singulari
953 1129 1051 1170 rerum
1074 1114 1252 1190 proprietate
1276 1120 1304 1170 et

172 1217 315 1288 ubertate,
350 1233 453 1272 verum
477 1213 564 1271 etiam
588 1212 697 1270 eximia
719 1212 785 1288 puri
809 1218 897 1289 atque
921 1214 1024 1290 integri
1047 1215 1165 1274 dicendi
1189 1215 1304 1291 generis

172 1323 326 1378 venustate
361 1314 518 1374 excelleret
550 1333 609 1372 non
641 1315 724 1391 potui
746 1333 806 1373 non
830 1316 972 1391 ignorare.
1017 1315 1115 1395 Atque
1138 1318 1217 1376 idem
1241 1318 1303 1376 ani-

172 1440 254 1479 mum
289 1419 400 1477 adverti
430 1437 520 1495 quam
544 1416 637 1475 multa
661 1416 740 1493 apud
764 1417 932 1475 Lucretium
956 1425 1114 1493 exstarent,
1139 1440 1225 1498 quae,
1250 1427 1304 1496 etsi

175 1524 213 1582 ab
236 1542 293 1580 usu
317 1528 344 1580 et
370 1520 469 1579 indole
491 1519 608 1596 linguae
630 1519 738 1577 latinae
754 1538 813 1577 non
831 1520 1032 1594 abhorrerent,
1049 1524 1179 1581 sermoni
1197 1542 1303 1582 aureae

173 1645 250 1703 quae
273 1630 395 1683 vocatur
418 1625 521 1682 aetatis
544 1624 722 1699 scriptorum
746 1622 930 1699 aliquantum
948 1624 1159 1701 discreparent.
1193 1625 1302 1683 Verum

173 1731 204 1787 in
236 1727 437 1787 locutionibus
471 1725 655 1803 explicandis
690 1724 735 1783 vel
766 1733 845 1785 recte
868 1726 1072 1802 intellegendis
1094 1729 1303 1804 grammaticos

174 1830 340 1891 consulenti
374 1829 454 1887 lraud
487 1848 553 1887 raro
589 1828 705 1900 accidit,
741 1835 771 1886 ut
794 1829 900 1887 frustra
923 1836 1108 1903 reverterem‚
1131 1848 1229 1907 neque
1252 1850 1299 1889 me

173 1935 246 2012 fugit
267 1933 297 1991 in
321 1928 528 2009 philosophica
551 1931 685 1990 doctrina
708 1930 833 1989 Lucretii
858 1932 956 2008 potius
978 1938 1111 1991 versatos
1135 1952 1201 1990 esse
1224 1933 1325 1990 viros⁴

174 2037 363 2095 doctissimos
398 2054 488 2112 quam
522 2035 668 2092 sermonis
702 2040 806 2110 poetae
840 2035 1069 2111 proprietatibus
1092 2035 1303 2113 investigandis

175 2138 381 2197 examinandis
405 2137 657 2214 enucleandisque
681 2154 802 2214 operam
826 2137 954 2211 dedisse,
979 2157 1161 2215 quamquam
1185 2139 1222 2196 ad
1242 2139 1302 2197 sin-

176 2240 260 2318 gulos
294 2241 412 2299 dicendi
446 2241 560 2317 generis
594 2259 666 2298 usus
694 2239 885 2298 illustrandos
908 2239 1077 2317 complures
1099 2260 1217 2300 summa
1238 2241 1304 2299 dili-

174 2345 273 2420 gentia
295 2350 384 2420 atque
407 2343 552 2401 industria
575 2342 668 2401 multa
691 2342 854 2400 contulisse
878 2343 1025 2402 videbam.
1061 2342 1158 2415 Quare
1181 2362 1304 2404 accura-

173 2448 233 2505 tius
268 2452 298 2503 ut
328 2447 356 2503 in
391 2464 559 2504 sermonem
583 2445 709 2532 Lucretii
733 2446 910 2522 inquirerem
935 2465 1003 2504 cum
1027 2445 1173 2522 impulsus
1196 2466 1302 2518 essem,

174 2569 300 2609 casuum
334 2549 481 2627 syntaxim
515 2549 721 2607 Lucretianam
754 2548 822 2606 ideo
857 2548 928 2606 milri
961 2548 1146 2607 tractandam
1174 2550 1302 2625 suscepi,

175 2652 256 2730 quod
291 2652 328 2710 ab
362 2651 419 2710 illis
454 2653 504 2729 qul
534 2651 571 2709 de
595 2670 720 2709 casuum
744 2651 822 2728 apud
846 2652 1015 2710 Lucretium
1038 2671 1095 2709 usu
1117 2651 1304 2728 disputarunt

175 2755 234 2814 alia
266 2755 311 2814 vel
345 2756 456 2814 omissa
488 2754 535 2812 vel
563 2772 622 2813 non
645 2755 716 2812 satis
740 2753 904 2812 luculenter
927 2753 1093 2830 explanata,
1118 2754 1175 2812 alia
1198 2773 1301 2831 parum

175 2864 254 2916 recte
276 2856 423 2934 explicata
446 2863 475 2915 et
496 2863 653 2933 perspecta
675 2875 736 2914 non
759 2863 893 2933 poteram
915 2875 975 2914 non
1000 2856 1244 2915 animadvertere.

278 2959 375 3037 Atque
399 2959 515 3018 illorum
539 2961 590 3036 qui
613 2960 642 3017 in
666 2960 783 3037 syntaxi
805 2960 981 3018 Lucretiana
1004 2958 1229 3018 elaboraverunt
1251 2979 1303 3018 ne-

176 3080 260 3121 cesse
290 3069 332 3120 est
357 3063 484 3139 primum
509 3080 778 3120 commemoremus
801 3061 851 3119 Fr.
877 3061 1088 3119 Guilelmum
1112 3062 1302 3135 Holtzium,

177 3185 265 3243 quem
299 3164 374 3225 libro
407 3183 471 3237 suo,
502 3166 552 3242 qui
576 3163 743 3243 Syntaxis
766 3165 1000 3223 Lucretianae
1024 3164 1237 3224 lineamenta
1260 3167 1303 3223 in-

175 3269 322 3340 scribitur,
346 3269 482 3344 quamvis
505 3268 598 3326 multa
620 3287 680 3326 non
704 3269 767 3326 sine
790 3268 941 3344 diligentia
963 3269 1084 3344 copiose
1107 3267 1303 3338 illustraverit,

175 3390 301 3430 casuunr
324 3371 475 3429 doctrinae
499 3372 528 3429 in
551 3371 695 3447 exemplis
719 3370 913 3447 disponendis
937 3370 1106 3429 adferendis
1119 3369 1304 3447 explicandis

174 3474 308 3533 nondum
344 3475 525 3533 satisfecisse
560 3492 618 3532 non
642 3474 744 3533 dubito
769 3475 840 3551 quin
865 3492 968 3533 onmes
997 3472 1171 3531 concedant.
1218 3471 1302 3542 Cuiu,

175 3597 244 3637 cum
267 3596 358 3653 opera
380 3577 555 3655 plerumque
577 3578 738 3636 niterentur
759 3577 808 3635 alii
831 3583 1088 3647 commentatores,
1111 3577 1221 3634 lactum
1245 3582 1304 3633 ests

176 3687 216 3753 ut,
248 3682 273 3738 si
308 3698 385 3758 quae
418 3700 526 3740 manca
557 3689 584 3740 et
607 3682 753 3739 nroudosa
775 3681 812 3739 ab
836 3700 871 3739 eo
895 3679 1009 3758 prolata
1032 3684 1140 3752 essent,
1164 3698 1199 3737 ea
1221 3679 1304 3737 dein-

175 3802 247 3860 ceps
270 3785 309 3842 ita
332 3802 349 3842 a
372 3786 477 3843 ceteris
499 3786 681 3844 iterarentur.
728 3785 840 3844 Deinde
863 3791 894 3843 ut
918 3782 1086 3860 complures
1110 3782 1243 3840 omittam
1267 3782 1303 3840 de

176 3885 284 3961 quibus
319 3892 423 3964 postea
456 3888 637 3946 mentionem
672 3888 788 3959 faciam,
825 3905 919 3963 nuper
953 3885 1102 3944 loannes
1131 3884 1304 3944 Meissner

176 3986 381 4048 dissertatione
416 3989 651 4062 Quaestiones
686 3989 726 4048 ad
761 4009 861 4048 usum
895 4008 1042 4047 casuum
1076 3987 1301 4064 obliquorum
