2964 4890
644 465 752 549 Cap.
776 468 808 531 1.

577 624 886 700 Nominativus.

257 792 279 876 g
303 786 325 855 Ι.
369 790 414 856 De
442 790 474 856 vi
498 791 530 857 et
552 809 613 857 nsu
634 791 824 858 nominativi
846 792 997 859 universe
1019 792 1213 880 disputatur.

273 962 469 1026 Nominativi
502 964 639 1044 primum
665 982 705 1028 ea
727 971 796 1028 erat
819 965 867 1027 vis
889 983 929 1028 ac
952 966 1151 1046 significatio,
1175 984 1240 1048 qua
1261 967 1300 1044 ia,

172 1065 226 1146 qui
261 1065 380 1147 aliquid
413 1065 547 1148 perfecit
579 1069 630 1131 vel
653 1086 692 1131 ex
715 1087 779 1149 quo
803 1075 874 1131 orta
897 1075 946 1131 est
968 1069 1063 1147 actio,
1085 1068 1300 1148 indicabatur,

171 1170 257 1234 unde
290 1172 421 1252 passivo
454 1189 571 1251 genere
600 1173 633 1235 in
667 1191 762 1235 usum
785 1171 1076 1235 veniente‘·⁴sactum
1100 1178 1157 1252 est,
1181 1178 1217 1236 ut
1240 1191 1300 1237 no-

171 1273 345 1337 minativus
367 1291 541 1355 personam
563 1274 614 1338 vel
637 1291 705 1338 rem
729 1275 847 1338 actioni
870 1273 1073 1338 subiunctam
1098 1276 1300 1356 exprimeret.

172 1375 244 1456 Qua
277 1376 316 1440 de
350 1394 450 1440 causa
483 1376 702 1440 nominativus
725 1395 821 1441 casus
849 1377 983 1441 subiecti
1006 1379 1208 1458 grammatici
1230 1380 1302 1444 iure

173 1479 295 1543 dicitur.
339 1478 421 1543 Tum
454 1480 672 1543 nominativus
694 1479 800 1545 verbis
824 1486 856 1544 et
878 1482 1085 1544 intransitivis
1109 1487 1141 1545 et
1163 1483 1302 1563 passivis

172 1583 339 1664 appositus
372 1583 547 1663 praedicati
580 1583 720 1647 nominis
750 1584 836 1665 quod
859 1592 995 1648 vocatur
1017 1585 1158 1666 suscepit
1181 1591 1300 1666 partes.

172 1685 267 1767 Apud
290 1687 473 1750 Lucretium
496 1687 650 1768 quoniam
671 1688 862 1751 nominativi
885 1707 963 1751 usus
986 1687 1028 1752 ab
1050 1689 1173 1769 vulgari
1196 1690 1298 1771 scrip-

173 1798 279 1853 torum
303 1789 475 1854 latinorum
498 1808 614 1854 norma
636 1791 768 1855 omnino
791 1809 858 1855 non
881 1790 1017 1871 deflexit,
1045 1810 1150 1872 pauca
1171 1797 1299 1856 tantum

174 1910 213 1956 ex
236 1893 362 1974 scriptis
385 1893 453 1957 eius
476 1893 639 1968 adnotavi,
661 1912 744 1974 quae
767 1895 930 1959 mentione
953 1895 1049 1975 digna
1071 1895 1248 1959 videantur.

344 2134 366 2218 g
389 2129 419 2199 2.
462 2132 507 2197 De
528 2132 717 2200 nominativi
740 2132 824 2219 apud
847 2133 1033 2199 Lucretium
1053 2153 1124 2200 usn.

279 2273 304 2333 l.
337 2270 481 2333 Primum
510 2271 816 2336 animadvertendus
838 2278 888 2335 est
910 2273 962 2336 hic
977 2273 1082 2337 locus:
1105 2273 1195 2338 1455
1212 2272 1301 2337 Ser-

173 2372 311 2436 vitium
334 2378 459 2454 contra,
478 2378 712 2455 paupertas,
733 2372 988 2455 divitiaeque,
1008 2375 1203 2455 Libertate,
1225 2375 1302 2439 tet-

174 2477 264 2557 tom,
296 2476 512 2558 concordio,
541 2482 668 2542 cetere
697 2499 838 2557 quorum
860 2479 1017 2542 Adventu
1040 2483 1153 2543 mouet
1174 2477 1301 2543 incolu-

173 2578 235 2642 mis
257 2584 384 2643 nutura
407 2579 574 2661 obituque,
589 2580 682 2644 Haec
704 2581 791 2645 soliti
813 2602 940 2661 sumac,
964 2585 1001 2644 ut
1018 2601 1087 2661 pur
1110 2584 1168 2662 cst,
1183 2584 1303 2645 euentu

118 2721 120 2725 -
173 2702 298 2758 vocure,
332 2681 386 2745 ubi
419 2684 646 2762 nominativae,
670 2685 787 2766 quippe
811 2686 864 2766 qui
888 2685 1034 2766 primitus
1056 2702 1124 2775 rem
1149 2684 1299 2748 nomina-

172 2791 231 2864 ret,
265 2785 351 2849 nulla
385 2787 541 2849 enuntiati
562 2787 718 2850 relatione
741 2788 867 2852 vinetus
896 2788 929 2850 in
951 2786 1048 2850 rebus
1071 2787 1301 2850 enumerandis

172 2896 346 2969 usurpatus
380 2896 438 2970 est,
473 2891 564 2954 cuius
596 2910 675 2954 usus
704 2891 859 2955 nonnulla
881 2891 967 2972 apud
989 2896 1103 2971 poetas
1125 2891 1301 2972 praecipue

173 2997 348 3055 occurrunt
380 2993 536 3073 exempla,
568 2993 608 3057 de
641 2992 757 3074 quibus
780 2993 891 3057 videas
914 2993 1112 3074 Draegerum
1134 2993 1146 3056 l
1169 3012 1198 3072 p.
1224 2994 1297 3071 435,

174 3093 393 3158 Schaeflcrum
416 3115 445 3175 p.
468 3098 519 3175 56,
543 3096 733 3160 Munronem
756 3096 782 3160 ΙΙ
805 3097 847 3160 ad
870 3097 899 3158 h.
923 3097 941 3160 1.
955 3098 990 3172 1).

276 3197 346 3261 Huc
379 3199 514 3277 accedit,
549 3200 636 3280 quod
657 3199 787 3280 Brieger
808 3199 970 3262 nonnullis
993 3199 1081 3278 locis,
1105 3197 1159 3261 ubi
1181 3196 1299 3261 verbo-

172 3319 244 3363 rum
269 3307 440 3366 contextus
462 3302 503 3366 ab
526 3303 595 3366 aliis
617 3303 709 3366 aliter
731 3309 874 3366 mutatus
897 3307 956 3381 est,
980 3301 1128 3365 codicum
1140 3301 1302 3380 scriptura

173 3411 302 3468 servata
335 3405 555 3469 anacoluthon
577 3412 705 3470 exstare
728 3406 893 3470 contendit
915 3425 945 3486 p.
968 3405 1040 3468 ΧΧΙ
1062 3405 1243 3469 Lucretium
1267 3405 1301 3467 iu

175 3507 348 3570 enuntiatis
371 3508 597 3572 continuandis
625 3509 735 3572 dicens
757 3509 858 3572 multo
881 3508 1013 3588 propius
1036 3508 1077 3571 ad
1100 3507 1300 3572 Graecorum

174 3609 355 3674 libertatem
387 3612 543 3676 accedere
577 3631 675 3694 quam
698 3629 892 3693 quemquam
917 3611 1012 3674 alium
1037 3616 1166 3690 poetam
1190 3629 1301 3674 roma-

172 3734 260 3778 num.
296 3712 402 3791 Quare
418 3713 465 3776 *H
487 3716 560 3793 342,
573 3714 626 3777 ubi
638 3715 875 3793 Lachmannus
891 3732 987 3795 quem
1000 3714 1145 3795 sequitur
1156 3713 1300 3797 Bernay·

172 3817 248 3896 siuS,
275 3817 402 3898 scripsit
414 3815 621 3880 Porturiuut
632 3837 740 3899 pertus
752 3815 939 3880 huruuuum
951 3820 1128 3895 mutuaque
1143 3820 1303 3880 uutuutcs

174 3918 431 4002 Squuuu'perum
448 3919 596 3999 pecudes
620 3923 651 3981 et
672 3919 760 3982 luctu
783 3923 937 3983 armentu
949 3917 1117 3999 feraeque,
1129 3917 1303 3982 Etruriae

274 4161 296 4226 ¹)
314 4158 459 4210 Praeterea
478 4157 635 4210 conferatur
652 4157 820 4210 Holtzius
838 4158 912 4226 Synt.
934 4159 944 4209 Ι
964 4174 989 4225 p.
1008 4159 1040 4209 28
1059 4174 1116 4225 sqq.
