2964 4890
283 214 322 317 l4

236 403 459 466 accusativum
493 401 599 482 supini
632 401 719 482 apud
751 402 935 467 Lucretium
958 419 1140 480 occurrere,
1164 420 1363 483 quamquam

236 505 279 569 ab
303 503 491 587 aequalibus
514 505 582 567 eius
604 505 691 568 nollo
715 504 812 568 modo
836 506 981 568 evitatur.
1026 504 1119 584 Quod
1142 505 1292 568 adhunc
1315 505 1363 568 lo—

236 628 312 673 cum
346 609 460 671 attinet
487 606 498 670 l
528 608 590 670 teo
624 606 782 685 quonium
816 627 902 686 quoe
919 607 1024 687 paolo
1050 606 1195 670 dicimus
1218 611 1296 671 (tute
1318 605 1364 671 In

238 714 474 775 commutatum
500 709 650 790 romunt,
674 728 770 792 qoem
794 709 898 774 adfert
920 710 1072 775 Kuehner
1093 710 1117 774 ll
1144 716 1155 774 l
1183 731 1211 791 p.
1233 713 1306 785 540,
1328 717 1365 774 ut

238 814 494 895 praepositiones
518 831 590 876 oum
615 813 719 893 supini
742 832 872 895 quoque
895 812 1007 876 formis
1029 813 1180 894 coniungi
1202 813 1363 889 ostendat,

237 917 352 980 Munro
375 916 407 979 in
431 917 672 980 commentariis
695 916 736 980 ad
760 917 788 980 b.
811 917 830 979 l.
854 919 995 998 itemque
1018 914 1165 980 Wolltius
1181 936 1209 996 p.
1225 919 1267 979 25
1282 935 1364 978 rom-

236 1023 396 1099 motatur,
431 1018 517 1100 quod
551 1017 641 1097 ἅπαξ
673 1020 849 1103 λεγόμενυν
882 1038 954 1085 esse
988 1025 1126 1098 constat,
1150 1019 1235 1083 idem
1259 1019 1365 1082 valere

238 1123 358 1187 docent
391 1128 489 1204 atque
521 1121 739 1202 commutatio,
763 1142 836 1187 oum
860 1123 1027 1186 Lucretius
1049 1123 1209 1204 permulta
1230 1128 1366 1203 quartae

238 1225 462 1289 declinationis
494 1223 654 1288 vocabula
686 1225 721 1287 in
748 1245 817 1287 -ns
851 1226 1030 1289 desinentia
1061 1244 1121 1306 pro
1156 1224 1365 1289 substantivis

239 1329 271 1391 in
295 1327 353 1391 -io
377 1327 568 1391 exeuntibus
589 1333 730 1408 usurpet.
771 1326 836 1393 Sed
859 1329 973 1392 eadem
995 1346 1047 1391 res
1070 1334 1128 1408 est,
1152 1346 1257 1409 neque
1280 1328 1364 1391 enim

238 1431 355 1512 supina
377 1437 409 1494 et
432 1429 633 1494 substantiva
656 1431 792 1494 actionis
815 1437 903 1494 recte
926 1431 1074 1494 videntur
1097 1431 1264 1494 discerni.-

566 1655 588 1739 ς
611 1649 639 1717 7.
683 1633 1042 1719 accusandorum.

393 1807 415 1859 1.
452 1806 496 1864 De
514 1795 633 1874 oriqina
652 1809 747 1874 atque
765 1809 879 1860 natura
900 1806 1071 1860 accusativi
1090 1805 1213 1861 obiecti.
1287 1844 1290 1849 .
1330 1844 1333 1849 .

343 1943 537 2025 Saepissime
571 1946 777 2008 accusativus
810 1946 843 2007 in
865 1945 980 2025 linguis
1002 1944 1273 2025 indogermanicis
1296 1963 1368 2008 ver-

240 2046 289 2110 bis
319 2048 499 2128 apponitur,
523 2056 558 2111 ut
579 2067 752 2129 personant
777 2048 827 2111 vel
849 2067 917 2111 rem
941 2047 1069 2126 indicet,
1094 2066 1178 2129 quae
1200 2048 1290 2112 verbi
1312 2066 1368 2111 ao-

239 2150 328 2213 tione
351 2151 496 2231 proxime
518 2153 666 2232 tangitur.
700 2152 812 2233 Neque
835 2153 931 2216 certis
953 2158 1080 2216 tantum
1102 2150 1209 2216 verbis
1231 2170 1369 2215 accusa-

238 2251 341 2315 tivum
364 2251 493 2333 adiungi
517 2254 713 2318 contendere
736 2255 818 2334 licet,
844 2273 916 2318 cum
941 2255 1051 2318 omnia
1073 2252 1142 2318 fere
1161 2253 1271 2332 verba,
1288 2272 1369 2334 qua-

240 2353 402 2435 licumque
425 2361 500 2418 suut
522 2356 553 2418 vi
576 2363 608 2419 et
630 2355 746 2436 indole,
770 2357 992 2420 accusativum
1016 2355 1075 2419 sibi
1098 2355 1281 2420 adsciscere
1293 2374 1369 2437 pos-

239 2457 312 2520 sint.
357 2456 463 2536 Quare
486 2477 506 2522 a
528 2477 605 2522 vera
637 2460 762 2523 ratione
795 2460 950 2524 recedunt
983 2459 1035 2538 illi,
1059 2458 1174 2540 quibus
1197 2459 1370 2522 discrimen

239 2559 324 2623 inter
356 2560 456 2624 verba
488 2563 691 2626 intransitiva
713 2571 746 2626 et
767 2563 936 2626 transitiva
958 2563 1004 2626 ita
1025 2562 1231 2642 interponere
1253 2562 1369 2641 placet,

241 2668 277 2725 ut
306 2664 527 2727 accusativum
559 2665 618 2728 illis
641 2667 758 2746 respui,
782 2666 831 2728 his
854 2664 993 2730 adscribi
1015 2672 1137 2747 putent.
1181 2665 1263 2728 Nam
1287 2682 1370 2745 quae

242 2763 342 2828 verba
374 2767 543 2831 transitiva
576 2787 648 2832 esse
681 2769 840 2847 dicuntur,
865 2787 904 2832 ea
926 2786 1082 2849 persaepe
1105 2767 1253 2831 absolute
1276 2786 1370 2830 usur-

242 2868 320 2948 pari,
356 2875 470 2932 contra
502 2870 706 2934 intransitiva
739 2891 813 2935 cum
847 2873 1035 2935 accusativo
1063 2871 1214 2949 coniungi
1236 2887 1371 2934 necesse

241 2976 293 3033 est
326 2971 631 3037 animadvertamus,
675 2973 781 3056 Atque
816 2975 1007 3038 exstiterunt
1040 2974 1094 3055 qui
1117 2973 1372 3055 unumquodque

242 3073 388 3152 verbum,
423 3095 497 3138 cum
531 3078 692 3141 actionem
728 3095 785 3158 per
807 3095 843 3140 se
865 3075 1044 3158 perfectam
1067 3083 1166 3157 atque
1188 3074 1372 3139 absolutam

243 3177 411 3258 exprimat,
446 3179 656 3259 intransitive,
691 3199 765 3243 cum
795 3181 880 3243 actio
904 3181 1081 3244 accusativi
1104 3179 1372 3243 determinatione

241 3285 346 3361 egeat,
370 3281 536 3345 transitive
560 3283 706 3363 usurpari
730 3301 826 3363 posse
851 3283 960 3346 dicant
973 3283 1006 3366 1).
1041 3283 1245 3364 Quamquam
1265 3283 1373 3346 multis

241 3384 350 3447 causis
384 3381 505 3447 factum
530 3404 611 3464 esse,
635 3392 670 3449 ut
693 3386 755 3448 alia
777 3385 877 3449 verba
899 3386 1145 3466 intransitivam,
1169 3384 1232 3449 alia
1255 3387 1372 3449 transi—

242 3486 341 3550 tivam
375 3488 578 3566 potissimum
612 3494 762 3552 naturam
796 3490 990 3571 acceperint,
1022 3489 1085 3552 alia
1119 3495 1151 3552 et
1172 3489 1373 3553 intransitive

242 3594 276 3652 et
299 3589 464 3653 transitive
488 3597 643 3670 usurpata
665 3591 738 3670 sint,
761 3598 850 3655 reete
873 3592 1016 3654 animum
1040 3591 1221 3655 advertunt.

346 3829 367 3893 ¹)
394 3827 577 3880 Transitivam
606 3827 832 3894 significationem
861 3830 1004 3882 vorborum
1032 3845 1065 3881 ax
1093 3830 1267 3883 intransitiva
1286 3835 1374 3883 ortam

241 3926 310 3977 esse,
329 3927 388 3963 cum
408 3914 579 3965 accusativus
598 3912 679 3965 loculi
703 3914 813 3966 notione
832 3915 922 3966 verbis
941 3916 1113 3968 intransitive
1131 3916 1270 3982 usurpatis
1292 3932 1375 3983 appo·

241 3999 312 4049 situs
331 3997 374 4059 sit,
394 4005 467 4049 recte
486 3997 564 4050 docet
583 3998 736 4051 Brealius
755 3999 773 4050 l.
793 3999 809 4050 l.
830 4005 849 4050 t.
868 4015 892 4052 a.
912 3999 988 4068 1895,
1007 4017 1034 4066 p.
1054 4001 1103 4052 286
1123 4016 1162 4066 sq.
