2964 4890
321 305 379 369 14⁵2

276 513 422 574 cernunt
441 542 470 556 ··
491 506 565 586 ficri
588 542 594 554 ·
618 527 658 569 cm
692 505 844 570 omuibus
878 528 984 571 6666
1020 506 1167 587 Corpus·
1202 510 1264 571 669
1302 505 1409 570 euiio

275 613 359 692 ficut
381 632 466 691 quim
490 630 629 688 curiaque
653 613 830 688 credulum·
853 610 896 672 *ΙΙ
919 611 992 689 986;
1014 610 1053 673 lll
1076 612 1147 688 7613
1173 611 1263 689 10553
1279 610 1321 674 IV
1344 613 1411 687 1863

260 716 348 795 ‘7393
382 716 410 779 V
444 715 515 792 7523
549 713 590 776 Vl
623 714 695 777 354.
740 712 848 776 Verba
882 732 966 795 quae
1000 719 1075 776 sunt
1098 711 1255 790 conficere
1280 710 1410 795 officere

274 816 430 901 sufficere
453 834 581 897 semper
604 815 750 896 sequitur
773 836 788 878 6
811 816 1020 897 praepositio.
1200 847 1202 852 ·

380 922 489 984 affieri.
534 918 594 981 *VI
625 919 683 982 761
717 918 765 981 Et
790 916 940 997 quibus
964 915 1085 1000 effiusut
1106 917 1245 980 eurisis
1269 921 1412 998 apparet

275 1023 384 1107 olipa·
407 1025 454 1088 sic
477 1023 705 1086 Lachmauuus
729 1021 869 1103 quaein
892 1019 1060 1084 codicibus
1082 1028 1266 1086 servantur:
1290 1019 1411 1098 quibus

277 1147 293 1190 e
325 1126 413 1205 ficut
434 1123 544 1188 causis
567 1133 700 1205 propter
721 1124 884 1187 insolitam
908 1125 1134 1188 traiectionem
1157 1123 1411 1204 praepositionis

275 1230 417 1294 correxit
445 1246 584 1308 eumque
615 1221 718 1290 secuti
748 1234 823 1289 sunt
845 1226 1041 1308 Bernaysius
1065 1226 1254 1308 Munroque,
1278 1226 1412 1306 Brieger

276 1338 384 1395 autem
410 1337 441 1394 et
465 1329 644 1393 Giussanus
667 1336 755 1394 recte
777 1329 916 1393 sortasse
940 1329 1088 1393 codicum
1113 1330 1306 1410 scripturam
1323 1347 1412 1392 rece·

277 1441 401 1516 parunt,
427 1451 524 1514 quam
548 1432 696 1496 Hertzius
719 1450 848 1513 quoque
873 1452 901 1512 p.
923 1431 966 1495 44
987 1433 1118 1496 retineri
1143 1431 1272 1495 mavult.

379 1540 536 1617 perficere.
580 1534 619 1597 Ill
640 1535 702 1598 246
726 1533 844 1596 Primo
867 1532 972 1596 cietur
988 1532 1087 1614 cuim,
1098 1533 1245 1614 porris
1255 1532 1408 1613 perfectu

274 1638 441 1722 sipuris.
487 1637 687 1719 Praepositio
723 1638 829 1718 posita
864 1644 925 1702 esl:
958 1636 1078 1702 111267
1105 1636 1408 1700 arianimirus

277 1741 441 1808 Omnibus
465 1744 513 1804 cst
533 1761 640 1804 6666
658 1740 845 1820 perrectum
869 1739 1015 1820 corporis
1039 1759 1193 1822 6666666.

378 1848 574 1908 constituere.
619 1843 659 1906 Vl
694 1845 754 1906 ‘227
788 1842 892 1906 Huur
927 1841 983 1904 tibi
1017 1842 1168 1906 subtilem
1192 1863 1266 1905 curu
1284 1839 1407 1921 primis

274 1947 409 2031 ipuibus
431 1945 543 2030 ipuem
567 1944 747 2009 Constituit
766 1949 893 2009 66666
914 1944 1085 2009 ruiuutis
1107 1943 1408 2023 mobilibusque

275 2048 538 2130 Corporibus,
584 2048 740 2112 Conferas
775 2067 905 2130 quoque
939 2048 963 2111 ll
990 2050 1052 2113 668
1077 2046 1229 2127 quamuis
1252 2045 1408 2110 uuimuu·

275 2155 338 2215 iem
362 2173 402 2215 em
426 2150 576 2215 omuibus
598 2171 704 2214 uuum
728 2149 814 2216 Ossu
836 2171 933 2214 citior
948 2170 1052 2215 ueuue
1067 2150 1157 2213 color
1171 2169 1268 2212 cruror
1282 2147 1409 2212 viscera

272 2253 369 2318 6666
392 2252 615 2318 Cousiiiurml.

376 2365 504 2420 struere.
549 2357 589 2420 Vl
615 2360 674 2420 195
700 2356 785 2418 Tum
799 2355 927 2436 pots-ris
1021 2354 1273 2436 speluncasque
1299 2355 1351 2416 vei
1372 2358 1411 2416 ut

272 2459 387 2522 sumis
404 2458 681 2539 periderilibu’
704 2463 848 2523 structus
872 2458 1023 2522 Cernere.

480 2867 484 2873 .
523 2802 623 2887 §3ia
668 2803 852 2872 ablativus
874 2804 1158 2888 comparationis

378 2974 401 3037 E
424 2974 610 3054 separativa
633 2974 766 3037 notione
789 2973 921 3037 ablativi
944 2975 1066 3055 proprii
1089 2975 1152 3037 iam
1176 2975 1254 3037 satis
1277 2981 1409 3039 constat

272 3079 395 3160 optime
428 3077 530 3158 repeti
564 3096 661 3157 posse
693 3078 726 3139 id
760 3076 890 3141 ablativi
924 3096 1027 3158 genus
1056 3076 1143 3158 quod
1174 3078 1408 3158 comparativis

271 3181 506 3245 adiectivorum
541 3187 573 3243 et
606 3180 833 3244 adverbiorum
870 3181 1043 3261 apponitur
1077 3181 1119 3244 ad
1154 3198 1328 3261 personam
1357 3181 1408 3244 vel

272 3304 340 3348 rem
369 3282 455 3346 unde
478 3285 680 3362 comparatio
704 3282 849 3363 prolecta
873 3292 922 3347 esl
945 3282 1187 3364 exprimendam
1212 3284 1231 3344 i.
1253 3302 1279 3346 6.
1306 3293 1340 3346 ut
1367 3285 1408 3347 de

273 3386 421 3467 personis
455 3385 504 3448 vel
538 3385 636 3449 rebus
665 3386 748 3449 iuter
778 3405 814 3450 se
837 3387 1035 3467 comparatis
1059 3387 1216 3449 maiorem
1241 3387 1406 3467 qualitatis

273 3489 405 3552 modum
435 3489 467 3550 iu
491 3488 593 3551 altera
617 3507 774 3569 apparere
798 3489 994 3569 significetur
1018 3508 1116 3570 quam
1139 3490 1172 3551 in
1196 3490 1298 3553 altera
1322 3508 1406 3572 quae

272 3591 414 3654 ablativo
445 3589 605 3653 indicatur
629 3590 854 3672 (ablativus
878 3592 1209 3673 comparationis)
1225 3592 1258 3674 ¹).
1304 3593 1406 3656 Huius

274 3692 405 3756 ablativi
428 3711 505 3755 usus
529 3693 678 3773 quamvis
701 3695 780 3756 artis
803 3693 919 3757 linibus
943 3694 1028 3774 apud
1052 3695 1208 3758 classicos
1229 3696 1405 3775 scriptores

271 3796 535 3876 circumscriptus
558 3796 608 3870 sit,
633 3796 719 3858 haud
740 3815 846 3876 pauca
869 3803 980 3862 tamen
996 3797 1081 3877 apud
1097 3804 1213 3879 poetas
1229 3805 1406 3861 occurrunt

377 4071 395 4128 ¹)
423 4066 474 4120 Cfr
501 4068 642 4121 Ziemer
669 4069 723 4122 Str.
753 4085 780 4138 p.
808 4069 856 4118 107
885 4084 955 4137 sqq.‚
984 4068 1041 4121 Ed.
1072 4066 1407 4125 WoelfflinusDer

273 4152 427 4206 Ablativus
446 4153 673 4223 comparationis
699 4153 784 4207 Arch.
804 4153 845 4206 VI
862 4171 910 4224 pp.
928 4156 1073 4206 447-467.
1110 4154 1266 4208 Praeterea
1283 4156 1342 4210 vid.
1363 4156 1406 4209 Id.

270 4237 331 4290 Der
349 4238 512 4291 Genetivus
530 4240 757 4309 comparationis
775 4245 829 4293 otc.
847 4239 932 4293 Arch.
955 4240 1008 4294 VII
1026 4258 1073 4311 pp.
1094 4241 1239 4294 115-131.
