2964 4890
634 543 836 612 Addenda.

501 689 529 753 1.
573 687 756 756 Ablatlvus
778 688 968 754 absolutus.

272 841 441 907 Postremo
472 841 556 906 inter
578 839 738 904 ablativos
761 839 928 904 absolutus
952 838 1006 920 qui
1030 839 1125 919 vulgo
1149 839 1300 902 nomina-

171 953 222 1008 tur
255 944 560 1009 commemorandus
595 951 651 1007 est.
697 943 809 1026 Neque
845 944 872 1006 is
906 949 1015 1006 tamen
1040 943 1108 1006 iure
1132 940 1300 1005 absolutus

171 1056 314 1126 vocatur,
351 1047 480 1129 quando
516 1066 535 1110 a
567 1049 683 1110 ceteris
718 1046 875 1110 enuntiati
908 1044 1054 1127 partibus
1088 1045 1174 1110 nullo
1202 1041 1299 1108 modo

171 1151 357 1232 seiungitur.
405 1150 512 1229 Quare
549 1169 568 1213 a
600 1150 821 1231 grammaticis
855 1167 968 1230 parum
1003 1155 1091 1214 recto
1124 1146 1299 1230 separatim

173 1260 340 1331 tractatur,
380 1254 455 1335 quia
493 1254 562 1317 eius
599 1272 728 1334 semper
764 1253 892 1334 generis
930 1251 1062 1317 ablativi
1100 1252 1165 1315 iam
1203 1238 1320 1314 antoa'

175 1357 323 1421 tractatis
357 1364 493 1438 possunt
527 1355 686 1439 subiungi.
732 1355 794 1420 Sed
829 1357 963 1420 multum
999 1357 1061 1421 hoc
1096 1356 1127 1418 in
1159 1353 1301 1420 ablativo

171 1461 362 1542 explicando
392 1461 560 1525 sententiis
584 1460 732 1525 differunt
755 1460 970 1541 grammatici,
996 1460 1149 1542 quoniam
1174 1459 1213 1524 de
1236 1458 1301 1522 ori-

171 1564 245 1645 gine
284 1564 377 1627 huius
415 1571 597 1629 structurae
631 1564 775 1628 nondum
810 1565 1025 1629 consentiunt.
1069 1563 1152 1627 Nam
1187 1562 1301 1628 ablati-

172 1686 247 1730 vum
270 1666 453 1731 absolutum
477 1668 529 1730 alii
554 1686 571 1732 e
594 1668 687 1732 locali
712 1668 780 1730 sive
800 1666 971 1748 temporali
986 1686 1047 1730 usu
1063 1661 1210 1747 primitus
1226 1685 1303 1747 pro·

172 1771 290 1834 lectum
335 1789 407 1834 csse
444 1769 690 1849 contenderunt,
729 1769 780 1833 alii
819 1787 858 1832 ex
896 1769 1132 1834 instrumentali
1170 1768 1302 1833 ablativi

173 1874 304 1937 notione
328 1873 553 1954 explicandum
576 1873 753 1938 docuerunt
770 1872 803 1958 ¹).
841 1873 905 1938 Sed
927 1873 1206 1939 verisimillimum
1224 1873 1302 1936 mihi

173 1995 302 2059 quoque
336 1977 469 2056 videtur,
504 1976 535 2038 id
569 1976 655 2059 quod
688 1976 899 2040 ostenderunt
927 1976 1153 2057 Brugmannus
1176 1975 1302 2040 Ziemer

173 2080 234 2155 alii,
268 2079 427 2144 ablativos
451 2078 618 2143 absolutos
642 2097 681 2144 ex
704 2079 939 2143 instrumentali
963 2079 1167 2160 potissimum
1191 2079 1302 2142 oriun-

174 2184 232 2247 dos
267 2202 350 2260 esse,
384 2183 441 2247 sed
476 2182 516 2246 ad
550 2183 613 2247 alia
649 2201 779 2265 quoque
813 2183 1027 2247 ablativorum
1061 2200 1180 2264 genera
1204 2200 1302 2264 saepo

173 2304 270 2365 posse
291 2285 401 2351 reterri
414 2288 447 2369 ²).
493 2286 600 2365 Quare
624 2286 687 2349 iam
712 2293 808 2351 antea
832 2286 1005 2351 nonnullos
1025 2287 1116 2350 attuli
1132 2285 1302 2362 ablativos

174 2390 226 2471 qui
252 2389 292 2453 ab
320 2389 389 2452 aliis
413 2407 525 2470 parum
551 2397 638 2454 recte
661 2388 800 2454 absoluti
824 2409 896 2454 esse
919 2390 1076 2453 dicantur.
1122 2390 1232 2472 Neque
1255 2395 1302 2454 ta-

174 2512 247 2556 men
281 2492 320 2555 de
354 2492 471 2557 ceteris
506 2492 606 2556 lusius
637 2511 733 2575 agere
756 2494 788 2558 in
812 2494 921 2558 animo
945 2493 1061 2573 habeo,
1085 2493 1239 2576 quoniam
1263 2493 1303 2557 de

174 2594 313 2659 ablativo
348 2594 496 2659 absoluto
532 2595 585 2659 uhi
620 2596 861 2679 participiorum
891 2616 969 2660 usus
999 2597 1174 2661 illustratur
1197 2595 1304 2678 aptius

174 2700 287 2762 disseri
311 2705 424 2781 potest.
470 2699 541 2779 Qua
564 2700 603 2763 de
628 2719 728 2764 causa
751 2702 937 2764 summatim
960 2700 1119 2765 ablativos
1136 2699 1304 2764 absolutos

175 2802 384 2866 Lucretianos
407 2801 561 2866 adferam.

600 2987 763 3042 Ablativus
783 2989 852 3043 loci.
873 2990 876 2994 ’

277 3111 344 3175 Hoc
375 3112 446 3175 loco
477 3109 635 3173 ablativus
666 3112 725 3175 loci
757 3100 1023 3177 l'ortasse'statui
1049 3121 1170 3196 potest:
1207 3113 1303 3178 1888

175 3213 307 3277 alcrvlrnl
414 3219 444 3276 nt
476 3211 608 3295 plebis
638 3218 800 3276 tammam
826 3235 924 3295 stirpe
947 3216 1090 3294 scintis
1114 3215 1303 3279 Her-nonin

174 3337 298 3399 penora
323 3321 353 3377 rt
375 3317 489 3398 svrrqcs
512 3316 713 3396 frondesque
737 3317 842 3380 uideri
937 3319 1078 3384 latitare.

541 3487 704 3543 Ablativus
723 3490 882 3558 temporis.

280 3609 506 3692 Temporalem
541 3613 605 3675 vim
635 3611 776 3677 ablativo
804 3609 956 3676 absoluto
985 3611 1034 3673 his
1058 3613 1138 3675 locis
1161 3611 1304 3676 tribucu-

175 3715 250 3778 dam
285 3731 357 3777 esse
386 3721 478 3794 puto:
524 3715 552 3778 V
589 3714 652 3778 883
688 3714 856 3796 Principio
895 3714 1017 3777 circnnt
1043 3713 1171 3777 trvlvnn
1201 3714 1304 3778 urtin-

279 3939 298 4000 ¹)
317 3935 368 3989 Cl'r
386 3936 522 4007 inprimis
541 3938 791 3991 Tammclinus
810 3955 836 4008 p.
857 3939 905 3989 tro·
924 3955 987 4007 sqq.

277 4023 299 4086 ²)
317 4019 368 4074 cfr
386 4021 513 4092 Brugm
524 4041 639 4076 annus
657 4023 712 4076 Dio
729 4025 782 4076 mit
800 4025 864 4076 dom
883 4021 1199 4092 Suffix-to·gobildotcn
1213 4023 1305 4076 Parti·

176 4107 252 4176 uipia
279 4107 319 4159 inr
349 4107 565 4177 Verbalsystom
593 4109 644 4162 dcs
667 4110 868 4162 lateinischcn
889 4109 948 4161 urnl
968 4108 1304 4163 Umlnisclr-Oslrischen.

177 4191 275 4258 lnclog.
304 4193 420 4246 Forsclr.
467 4193 493 4246 V
520 4213 545 4263 p.
575 4195 702 4263 tta-152,
729 4195 864 4264 inprimis
892 4212 918 4265 p.
948 4195 996 4246 143
1017 4211 1077 4264 sqq.
1098 4195 1238 4247 ½iemcr
1256 4194 1305 4248 Gr.

175 4275 204 4328 II
224 4294 250 4346 p.
273 4279 317 4328 llll
338 4295 399 4347 sqq.

1170 4403 1203 4452 1⁰
