2964 4890
488 435 689 519 Conspectus
711 438 888 502 accusativi
910 439 1099 503 Lucretiani.

629 573 762 657 trice.
797 578 872 657 loct

245 985 278 1067 5
288 983 373 1067 Ace.
392 981 685 1074 matematicos
865 989 893 1065 2
934 979 1024 1066 Ace.
1060 975 1190 1064 ocati

817 1095 1230 1146 „ds-.-

432 1119 554 1542 Χ
816 1176 1234 1542 (sewardi

280 1604 414 1692 Μία
445 1599 685 1687 adverbialis
724 1651 790 1664 —
820 1601 945 1682 3Acc.
972 1595 1247 1682 terminaturus

767 1740 1033 1784 ²-·‘
1049 1744 1308 1781 -q

784 1836 813 1893 a
839 1830 1042 1890 mersum
1096 1808 1324 1906 rtemann

583 2005 603 2085 fl
627 1999 655 2066 6.
701 2001 911 2067 Accusativus
933 2000 1003 2066 loci.

332 2140 528 2205 Accusativo
551 2139 677 2220 linguae
699 2137 817 2202 latinae
840 2139 957 2217 locum,
982 2138 1267 2221 quotenditacti0‚
1280 2145 1355 2220 post

229 2241 330 2308 verba
351 2249 476 2307 motum
502 2241 676 2305 indicantia
698 2259 942 2322 nonnumquam
966 2240 1136 2321 significari
1159 2247 1271 2305 notum
1295 2248 1352 2306 est.

228 2345 335 2426 Atque
365 2345 416 2408 hic
438 2364 517 2408 usus
540 2344 573 2406 in
596 2343 702 2424 prisca
724 2343 881 2407 latinitate
905 2362 998 2407 rarus
1021 2343 1195 2407 admodum
1219 2353 1355 2426 apparet

229 2453 262 2511 et
295 2447 337 2511 ab
359 2447 488 2528 optimis
511 2464 627 2527 prosae
650 2445 806 2509 orationis
832 2445 1042 2527 scriptoribus
1065 2466 1162 2528 quam
1186 2447 1354 2510 artissimis

228 2549 344 2614 finibus
377 2556 426 2615 est
459 2549 698 2613 determinatus.
742 2548 863 2612 Poetae
897 2566 974 2613 vero
1003 2550 1147 2630 inprimis
1170 2549 1354 2630 Augusteae

228 2653 345 2718 aetatis
378 2671 499 2734 eosque
532 2653 635 2717 secuti
664 2652 878 2733 posteriorum
901 2658 1085 2734 temporum
1108 2653 1283 2734 scriptores
1305 2652 1354 2716 lo-

229 2756 290 2820 cali
320 2756 391 2819 usui
412 2755 553 2819 maxime
573 2755 784 2834 indulserunt,
808 2774 881 2819 cum
905 2754 946 2818 ad
968 2755 1140 2818 locutionis
1163 2754 1353 2818 brevitatem

227 2877 384 2940 persaepe
412 2859 542 2923 valeret.
585 2857 635 2921 Ab
659 2858 855 2939 optimorum
878 2864 985 2922 autem
1010 2858 1203 2939 scriptorum
1227 2858 1354 2921 dicendi

227 2979 345 3042 genere
372 2961 502 3025 minime
530 2961 658 3025 deflexit
679 2961 855 3041 Lucretius
879 2961 996 3042 quippe
1020 2961 1073 3041 qui
1095 2961 1257 3024 rarissime
1280 2978 1354 3025 rer-

226 3063 276 3127 bis
299 3069 424 3128 motum
446 3062 662 3127 indicantibus
685 3057 809 3127 nudum'
829 3063 1051 3127 accusativum
1075 3061 1256 3143 subiungat.

330 3165 400 3230 Hoc
421 3173 548 3229 tantum
571 3166 642 3230 loco
666 3165 765 3230 verbo
789 3166 923 3247 simplici
945 3165 1128 3245 adiungitur
1146 3167 1351 3229 accusativus

226 3270 302 3333 loci:
326 3269 365 3333 Vl
388 3270 450 3334 742
472 3267 508 3331 E
527 3267 660 3352 cepione
685 3289 727 3333 aa
745 3303 752 3317 ·
771 3268 853 3332 lora
876 3289 950 3332 cum
973 3288 1091 3332 vertere
1106 3267 1263 3331 polentae.
1298 3267 1353 3331 Al-

226 3382 297 3438 tero
330 3374 403 3436 loco
432 3371 474 3435 IV
506 3374 565 3436 147
594 3371 650 3435 ubi
673 3392 793 3452 aspera
815 3391 900 3434 anco
922 3370 992 3434 Aut
1011 3370 1049 3434 lu
1072 3369 1245 3434 materiam
1269 3370 1353 3453 lipra'

220 3475 417 3556 pervenite
439 3493 530 3538 more
552 3476 744 3539 Lucretiano
767 3475 938 3556 posteriori
959 3480 1086 3538 tantum
1097 3472 1244 3538 membro
1257 3492 1353 3554 prae-

225 3579 342 3661 positio
365 3578 530 3659 adscripta
552 3584 610 3643 est.

329 3680 463 3745 Accedit
496 3681 548 3745 hic
577 3682 677 3759 locus
702 3679 756 3744 ubi
778 3686 883 3744 exstat
899 3701 1047 3761 persana,
1073 3680 1159 3760 quod
1181 3680 1213 3742 in
1236 3679 1351 3742 adver-

226 3784 313 3848 bium
337 3802 441 3865 paene
464 3783 552 3848 abiit:
581 3784 650 3847 *Vl
672 3784 735 3849 589
758 3783 881 3846 multoc
898 3803 963 3864 per·
985 3804 1076 3846 arture
1093 3803 1251 3864 possam
1269 3780 1352 3844 Sut-

224 3887 337 3951 scdcre
359 3885 429 3950 suis
445 3886 578 3968 pluriter
600 3907 674 3951 cam
698 3885 820 3949 civilius
843 3885 985 3970 urtes1).

328 3989 501 4054 Praeterea
535 3989 856 4054 animadvertendum
894 3990 978 4053 duco
1012 4007 1053 4052 ne
1086 4007 1184 4051 unum
1220 3987 1349 4068 quidem

328 4197 349 4261 ¹)
365 4209 473 4262 petatem
490 4195 627 4250 Niccolins
646 4211 705 4246 cum
725 4200 876 4247 correctore
895 4194 1019 4261 quadrati
1042 4209 1089 4260 pro
1106 4207 1214 4261 possum
1232 4192 1351 4260 scripsit.
